# Bachelor and Master theses

@mastersthesis{hernandez2014bscthesis,
title = {Aesthetics assessment of videos through visual descriptors and automatic polarity annotation},
author = {Hern{\'a}ndez-Garc{\'i}a, Alex},
type = {{B.S.} thesis},
school = {Universidad Carlos III de Madrid},
year = {2014}
}

@inproceedings{hernandez2017mscthesis,
author = {Hern{\'a}ndez-Garc{\'i}a, Alex. and Fern\'{a}ndez-Mart\'{\i}nez, F. and D\'{\i}az-de-Mar\'{\i}a, F.},
title = {Emotion and Attention: Predicting Electrodermal Activity through Video Visual Descriptors},
year = {2017},
booktitle = {International Conference on Web Intelligence},
pages = {914â€“923},
}

#

@article{vanessen2003visualcortex,
title = {Organization of visual areas in macaque and human cerebral cortex},
author = {Van Essen, David C},
journal = {The Visual Neurosciences},
volume = {1},
pages = {507--521},
year = {2003},
publisher = {MIT press}
}

@article{logothetis1996objectrecognition,
title = {Visual object recognition},
author = {Logothetis, Nikos K and Sheinberg, David L},
journal = {Annual Review of Neuroscience},
volume = {19},
number = {1},
pages = {577--621},
year = {1996},
}

# Data augmentation

@inproceedings{simard1992daug,
title = {Tangent prop-a formalism for specifying selected invariances in an adaptive network},
author = {Simard, Patrice and Victorri, Bernard and LeCun, Yann and Denker, John},
booktitle = {Advances in Neural Information Processing Systems (NeurIPS)},
pages = {895--903},
year = {1992}
}

@article{abumostafa1990hints,
title = {Learning from hints in neural networks},
author = {Abu-Mostafa, Yaser S},
journal = {Journal of Complexity},
volume = {6},
number = {2},
pages = {192--198},
year = {1990},
publisher = {Elsevier}
}

@inproceedings{devries2017daugfeatspace,
title = {Dataset Augmentation in Feature Space},
author = {DeVries, Terrance and Taylor, Graham W},
booktitle = {International Conference on Learning Representations (ICLR), arXiv:1702.05538},
year = {2017}
}

@article{devries2017cutout,
author = {DeVries, Terrance and Taylor, Graham W},
title = {Improved Regularization of Convolutional Neural Networks with Cutout},
journal = {arXiv preprint arXiv:1708.04552},
year = {2017}
}

@article{lemley2017smartdaug,
title = {Smart Augmentation-Learning an Optimal Data Augmentation Strategy},
author = {Lemley, Joseph and Bazrafkan, Shabab and Corcoran, Peter},
journal = {IEEE Access},
year = {2017},
publisher = {IEEE}
}

@inproceedings{ratner2017learningdaug,
title = {Learning to Compose Domain-Specific Transformations for Data Augmentation},
author = {Ratner, Alexander J and Ehrenberg, Henry R and Hussain, Zeshan and Dunnmon, Jared and R{\'e}, Christopher},
booktitle = {Advances in Neural Information Processing Systems (NeurIPS)},
pages = {3239--3249},
year = {2017}
}

@inproceedings{hauberg2016learningdaug,
title = {Dreaming more data: Class-dependent distributions over diffeomorphisms for learned data augmentation},
author = {Hauberg, S{\o}ren and Freifeld, Oren and Larsen, Anders Boesen Lindbo and Fisher, John and Hansen, Lars},
booktitle = {International Conference on Artificial Intelligence and Statistics (AISTATS)},
pages = {342--350},
year = {2016}
}

@article{antoniou2017dagan,
title = {Data Augmentation Generative Adversarial Networks},
author = {Antoniou, Antreas and Storkey, Amos and Edwards, Harrison},
journal = {arXiv preprint arXiv:1711.04340},
year = {2017}
}

@article{cubuk2018autoaugment,
title = {{AutoAugment}: Learning augmentation policies from data},
author = {Cubuk, Ekin D and Zoph, Barret and Mane, Dandelion and Vasudevan, Vijay and Le, Quoc V},
journal = {arXiv preprint arXiv:1805.09501},
year = {2018}
}

@article{perez2017dauganalysis,
title = {The Effectiveness of Data Augmentation in Image Classification using Deep Learning},
author = {Perez, Luis and Wang, Jason},
journal = {arXiv preprint arXiv:1712.04621},
year = {2017}
}

@article{shorten2019daugsurvey,
title = {A survey on image data augmentation for deep learning},
author = {Shorten, Connor and Khoshgoftaar, Taghi M},
journal = {Journal of Big Data},
volume = {6},
number = {1},
pages = {60},
year = {2019},
publisher = {Springer}
}

@article{chen2019invariance,
title = {Invariance reduces variance: Understanding data augmentation in deep learning and beyond},
author = {Chen, Shuxiao and Dobriban, Edgar and Lee, Jane H},
journal = {arXiv preprint arXiv:1907.10905},
year = {2019}
}

@inproceedings{rajput2019daug,
title = {Does Data Augmentation Lead to Positive Margin?},
author = {Rajput, Shashank and Feng, Zhili and Charles, Zachary and Loh, Po-Ling and Papailiopoulos, Dimitris},
booktitle = {International Conference on Machine Learning (ICML)},
pages = {5321--5330},
year = {2019}
}

@article{lyle2020daug,
title = {On the Benefits of Invariance in Neural Networks},
author = {Lyle, Clare and van der Wilk, Mark and Kwiatkowska, Marta and Gal, Yarin and Bloem-Reddy, Benjamin},
journal = {arXiv preprint arXiv:2005.00178},
year = {2020}
}

@inproceedings{jaitly2013daugspeech,
title = {Vocal tract length perturbation (VTLP) improves speech recognition},
author = {Jaitly, Navdeep and Hinton, Geoffrey E},
booktitle = {Workshop on Deep Learning for Audio, Speech and Language (ICML)},
pages = {625--660},
year = {2013}
}

@article{uhlich2017daugmusic,
title = {Improving music source separation based on deep neural networks through data augmentation and network blending},
author = {Uhlich, Stefan and Porcu, Marcello and Giron, Franck and Enenkl, Michael and Kemp, Thomas and Takahashi, Naoya and Mitsufuji, Yuki},
journal = {IEEE International Conference on Acoustics, Speech and Signal Processing},
year = {2017}
}

@article{lu2006daugtext,
title = {Enhancing text categorization with semantic-enriched representation and training data augmentation},
author = {Lu, Xinghua and Zheng, Bin and Velivelli, Atulya and Zhai, ChengXiang},
journal = {Journal of the American Medical Informatics Association},
volume = {13},
number = {5},
pages = {526--535},
year = {2006},
publisher = {BMJ Group BMA House, Tavistock Square, London, WC1H 9JR}
}

@article{hoffer2019batchaugmentation,
title = {Augment your batch: better training with larger batches},
author = {Elad Hoffer and Tal Ben{-}Nun and Itay Hubara and Niv Giladi and Torsten Hoefler and Daniel Soudry},
journal = {arXiv preprint arXiv:1901.09335},
year = {2019}
}

# Deep learning & neuroscience

@article{saxe2020dlandneuroscience,
title = {If deep learning is the answer, then what is the question?},
author = {Saxe, Andrew and Nelli, Stephanie and Summerfield, Christopher},
journal = {arXiv preprint arXiv:2004.07580},
year = {2020}
}

@article{marblestone2016dlandneuroscience,
title = {Toward an integration of deep learning and neuroscience},
author = {Marblestone, Adam H and Wayne, Greg and Kording, Konrad P},
journal = {Frontiers in Computational Neuroscience},
year = {2016},
publisher = {Frontiers}
}

@article{richards2019dlandneuroscience,
title = {A deep learning framework for neuroscience},
author = {Richards, Blake A and Lillicrap, Timothy P and Beaudoin, Philippe and Bengio, Yoshua and Bogacz, Rafal and Christensen, Amelia and Clopath, Claudia and Costa, Rui Ponte and de Berker, Archy and Ganguli, Surya and others},
journal = {Nature Neuroscience},
volume = {22},
number = {11},
pages = {1761--1770},
year = {2019},
publisher = {Nature Publishing Group}
}

@article{bengio2015dlandneuroscience,
title = {Towards biologically plausible deep learning},
author = {Bengio, Yoshua and Lee, Dong-Hyun and Bornschein, Jorg and Mesnard, Thomas and Lin, Zhouhan},
journal = {arXiv preprint arXiv:1502.04156},
year = {2015}
}

@article{hassabis2017aiandneuroscience,
title = {Neuroscience-inspired artificial intelligence},
author = {Hassabis, Demis and Kumaran, Dharshan and Summerfield, Christopher and Botvinick, Matthew},
journal = {Neuron},
volume = {95},
number = {2},
pages = {245--258},
year = {2017},
publisher = {Elsevier}
}

@article{zador2019purelearning,
title = {A critique of pure learning and what artificial neural networks can learn from animal brains},
author = {Zador, Anthony M},
journal = {Nature Communications},
volume = {10},
number = {1},
pages = {1--7},
year = {2019},
publisher = {Nature Publishing Group}
}

@article{hasson2020directfit,
title = {Direct fit to nature: An evolutionary perspective on biological and artificial neural networks},
author = {Hasson, Uri and Nastase, Samuel A and Goldstein, Ariel},
journal = {Neuron},
volume = {105},
number = {3},
pages = {416--434},
year = {2020},
publisher = {Elsevier}
}

@article{lindsay2020dlandneuroscience,
title = {Convolutional neural networks as a model of the visual system: past, present, and future},
author = {Lindsay, Grace},
journal = {Journal of Cognitive Neuroscience},
pages = {1--15},
year = {2020},
publisher = {MIT Press}
}

@article{bowers2017pdp,
title = {Parallel distributed processing theory in the age of deep networks},
author = {Bowers, Jeffrey S},
journal = {Trends in Cognitive Sciences},
volume = {21},
number = {12},
pages = {950--961},
year = {2017},
publisher = {Elsevier}
}

@article{sinz2019dlvsbrain,
title = {Engineering a less artificial intelligence},
author = {Sinz, Fabian H and Pitkow, Xaq and Reimer, Jacob and Bethge, Matthias and Tolias, Andreas S},
journal = {Neuron},
volume = {103},
number = {6},
pages = {967--979},
year = {2019},
publisher = {Elsevier}
}

@article{geirhos2020shortcutlearning,
title = {Shortcut Learning in Deep Neural Networks},
author = {Geirhos, Robert and Jacobsen, J{\"o}rn-Henrik and Michaelis, Claudio and Zemel, Richard and Brendel, Wieland and Bethge, Matthias and Wichmann, Felix A},
journal = {arXiv preprint arXiv:2004.07780},
year = {2020}
}

@book{turing1948intelligentmachinery,
title = {Cybernetics; (Key papers)},
editor = {Evans, Christopher R.},
chapter = {Intelligent machinery (1948)},
author = {Turing, Alan M.},
year = {1968},
publisher = {University Park Press},
}

@article{nayebi2017bioconstraints,
title = {Biologically inspired protection of deep networks from adversarial attacks},
author = {Nayebi, Aran and Ganguli, Surya},
journal = {arXiv preprint arXiv:1703.09202},
year = {2017}
}

@article{lindsay2018bioconstraints,
title = {How biological attention mechanisms improve task performance in a large-scale visual system model},
author = {Lindsay, Grace W and Miller, Kenneth D},
journal = {{eLife}},
volume = {7},
pages = {e38105},
year = {2018},
publisher = {eLife Sciences Publications Limited}
}

@inproceedings{lindsey2019bioconstraints,
title = {A unified theory of early visual representations from retina to cortex through anatomically constrained deep {CNNs}},
author = {Lindsey, Jack and Ocko, Samuel A and Ganguli, Surya and Deny, Stephane},
booktitle = {International Conference on Learning Representations (ICLR), arXiv:1901.00945},
journal = {arXiv preprint arXiv:1901.00945},
year = {2019}
}

@article{malhotra2020bioconstraints,
title = {Hiding a plane with a pixel: examining shape-bias in {CNNs} and the benefit of building in biological constraints},
author = {Malhotra, Gaurav and Evans, Benjamin D and Bowers, Jeffrey S},
journal = {Vision Research},
volume = {174},
pages = {57--68},
year = {2020},
publisher = {Elsevier}
}

@article{pozzi2018biologicallyplausible,
title = {A biologically plausible learning rule for deep learning in the brain},
author = {Pozzi, Isabella and Boht{\'e}, Sander and Roelfsema, Pieter},
journal = {arXiv preprint arXiv:1811.01768},
year = {2018}
}

# Human visual perception

@article{edelman1992viewpointdependence,
title = {Orientation dependence in the recognition of familiar and novel views of three-dimensional objects},
author = {Edelman, Shimon and B{\"u}lthoff, Heinrich H},
journal = {Vision Research},
volume = {32},
number = {12},
pages = {2385--2400},
year = {1992},
publisher = {Elsevier}
}

@article{tarr1998viewpointdependence,
title = {Three-dimensional object recognition is viewpoint dependent},
author = {Tarr, Michael J and Williams, Pepper and Hayward, William G and Gauthier, Isabel},
journal = {Nature Neuroscience},
volume = {1},
number = {4},
pages = {275--277},
year = {1998},
publisher = {Nature Publishing Group}
}

@article{milivojevic2012viewpointdependence,
title = {Object Recognition Can Be Viewpoint Dependent or Invariant--It's Just a Matter of Time and Task},
author = {Milivojevic, Branka},
journal = {Frontiers in Computational Neuroscience},
volume = {6},
pages = {27},
year = {2012},
publisher = {Frontiers}
}

@article{bulthoff2006viewpointdependence,
title = {The role of familiarity in the recognition of static and dynamic objects},
author = {B{\"u}lthoff, Isabelle and Newell, Fiona N},
journal = {Progress in Brain Research},
volume = {154},
pages = {315--325},
year = {2006},
publisher = {Elsevier}
}

@article{yin1969invertedfaces,
title = {Looking at upside-down faces.},
author = {Yin, Robert K},
journal = {Journal of Experimental Psychology},
volume = {81},
number = {1},
pages = {141},
year = {1969},
publisher = {American Psychological Association}
}

@article{valentine1988invertedfaces,
title = {Upside-down faces: A review of the effect of inversion upon face recognition},
author = {Valentine, Tim},
journal = {British Journal of Psychology},
volume = {79},
number = {4},
pages = {471--491},
year = {1988},
publisher = {Wiley Online Library}
}

@article{gauthier1999greebles,
title = {Activation of the middle fusiform'face area'increases with expertise in recognizing novel objects},
author = {Gauthier, Isabel and Tarr, Michael J and Anderson, Adam W and Skudlarski, Pawel and Gore, John C},
journal = {Nature Neuroscience},
volume = {2},
number = {6},
pages = {568--573},
year = {1999},
publisher = {Nature Publishing Group}
}

@article{morgenstern2019oneshot,
title = {One-shot categorization of novel object classes in humans},
author = {Morgenstern, Yaniv and Schmidt, Filipp and Fleming, Roland W},
journal = {Vision Research},
volume = {165},
pages = {98--108},
year = {2019},
publisher = {Elsevier}
}

@book{shapiro2019embodied,
title = {Embodied cognition},
author = {Shapiro, Lawrence},
year = {2012},
publisher = {Oxford Handbooks Online}
}

@inproceedings{koenig2018embodiment,
title = {Embodied cognition}, 
author = {K{\"o}nig, Peter and Melnik, Andrew and G{\"o}ke, Caspar and Gert, Anna L. and K{\"o}nig, Sabine U. and Kietzmann, Tim C.},
booktitle = {International Conference on Brain-Computer Interface (BCI)}, 
year = {2018},
pages = {1-4},
}


# Object recognition, detection, retrieval - Reviews

@article{zhao2019objectdetection,
title = {Object detection with deep learning: A review},
author = {Zhao, Zhong-Qiu and Zheng, Peng and Xu, Shou-tao and Wu, Xindong},
journal = {IEEE Transactions on Neural Networks and Learning Systems},
volume = {30},
number = {11},
pages = {3212--3232},
year = {2019},
publisher = {IEEE}
}

@article{latif2019imageretrieval,
title = {Content-based image retrieval and feature extraction: a comprehensive review},
author = {Latif, Afshan and Rasheed, Aqsa and Sajid, Umer and Ahmed, Jameel and Ali, Nouman and Ratyal, Naeem Iqbal and Zafar, Bushra and Dar, Saadat Hanif and Sajid, Muhammad and Khalil, Tehmina},
journal = {Mathematical Problems in Engineering},
volume = {2019},
year = {2019},
publisher = {Hindawi}
}

@article{zhou2017imageretrieval,
title = {Recent advance in content-based image retrieval: A literature survey},
author = {Zhou, Wengang and Li, Houqiang and Tian, Qi},
journal = {arXiv preprint arXiv:1706.06064},
year = {2017}
}

# Traditional computer vision

@book{gonzalez2018imageprocessing,
title = {Digital image processing},
author = {Gonzalez, Rafael and Woods, Richard},
year = {2018},
publisher = {Pearson},
edition = {4th},
}

@article{duda1972hough,
title = {Use of the {Hough} transformation to detect lines and curves in pictures},
author = {Duda, Richard O and Hart, Peter E},
journal = {Communications of the ACM},
volume = {15},
number = {1},
pages = {11--15},
year = {1972},
publisher = {ACM New York, NY, USA}
}

@article{lowe2004sift,
title = {Distinctive image features from scale-invariant keypoints},
author = {Lowe, David G},
journal = {International Journal of Computer Vision (IJCV)},
volume = {60},
number = {2},
pages = {91--110},
year = {2004},
publisher = {Springer}
}

@inproceedings{dalal2005hog,
title = {Histograms of oriented gradients for human detection},
author = {Dalal, Navneet and Triggs, Bill},
booktitle = {IEEE Conference on Computer Vision and Pattern Recognition (CVPR)},
volume = {1},
pages = {886--893},
year = {2005},
organization = {IEEE}
}

@inproceedings{lienhart2002haar,
title = {An extended set of {Haar}-like features for rapid object detection},
author = {Lienhart, Rainer and Maydt, Jochen},
booktitle = {International Conference on Image Processing (ICIP)},
volume = {1},
pages = {I--I},
year = {2002},
organization = {IEEE}
}

@inproceedings{sivic2003bog,
title = {Video Google: A text retrieval approach to object matching in videos},
author = {Sivic, Josef and Zisserman, Andrew},
booktitle = {IEEE Conference on Computer Vision and Pattern Recognition (CVPR)},
pages = {1470},
year = {2003},
organization = {IEEE}
}

@inproceedings{perronnin2010fisher,
title = {Improving the fisher kernel for large-scale image classification},
author = {Perronnin, Florent and S{\'a}nchez, Jorge and Mensink, Thomas},
booktitle = {European Conference on Computer Vision (ECCV)},
pages = {143--156},
year = {2010},
organization = {Springer}
}

@inproceedings{perronnin2007fisher,
title = {Fisher kernels on visual vocabularies for image categorization},
author = {Perronnin, Florent and Dance, Christopher},
booktitle = {IEEE Conference on Computer Vision and Pattern Recognition (CVPR)},
pages = {1--8},
year = {2007},
organization = {IEEE}
}

# History neural networks

@article{mcculloch1943biologicallearning,
title = {A logical calculus of the ideas immanent in nervous activity},
author = {McCulloch, Warren S and Pitts, Walter},
journal = {The Bulletin of Mathematical Biophysics},
volume = {5},
number = {4},
pages = {115--133},
year = {1943},
publisher = {Springer}
}

@book{hebb1949biologicallearning,
title = {The organization of behavior: a neuropsychological theory},
author = {Hebb, Donald Olding},
year = {1949},
publisher = {Wiley}
}

@article{rosenblatt1958perceptron,
title = {The perceptron: a probabilistic model for information storage and organization in the brain.},
author = {Rosenblatt, Frank},
journal = {Psychological Review},
volume = {65},
number = {6},
pages = {386},
year = {1958},
publisher = {American Psychological Association}
}

@article{fukushima1982neocognitron,
title = {Neocognitron: A new algorithm for pattern recognition tolerant of deformations and shifts in position},
author = {Fukushima, Kunihiko and Miyake, Sei},
journal = {Pattern Recognition},
volume = {15},
number = {6},
pages = {455--469},
year = {1982},
publisher = {Pergamon}
}
@article{hubelwiesel1959,
title = {Receptive fields of single neurones in the cat's striate cortex},
author = {Hubel, David H and Wiesel, Torsten N},
journal = {The Journal of Physiology},
volume = {148},
number = {3},
pages = {574--591},
year = {1959},
publisher = {Wiley Online Library}
}

@article{rumelhart1986backprop,
title = {Learning representations by back-propagating errors},
author = {Rumelhart, David E and Hinton, Geoffrey E and Williams, Ronald J},
journal = {Nature},
volume = {323},
number = {6088},
pages = {533--536},
year = {1986},
publisher = {Nature Publishing Group}
}

@article{hochreiter1997lstm,
title = {Long short-term memory},
author = {Hochreiter, Sepp and Schmidhuber, J{\"u}rgen},
journal = {Neural Computation},
volume = {9},
number = {8},
pages = {1735--1780},
year = {1997},
publisher = {MIT Press}
}

@article{lecun2015deeplearningnature,
title = {Deep learning},
author = {LeCun, Yann and Bengio, Yoshua and Hinton, Geoffrey},
journal = {Nature},
volume = {521},
number = {7553},
pages = {436--444},
year = {2015},
publisher = {Nature Publishing Group}
}

@book{haugeland1989ai,
title = {Artificial intelligence: The very idea},
author = {Haugeland, John},
year = {1989},
publisher = {MIT Press}
}

# Datasets

@article{lecun1998mnist,
title = {Gradient-based learning applied to document recognition},
author = {LeCun, Yann and Bottou, L{\'e}on and Bengio, Yoshua and Haffner, Patrick},
journal = {Proceedings of the IEEE},
volume = {86},
number = {11},
pages = {2278--2324},
year = {1998},
publisher = {Ieee}
}

@article{krizhevsky2009cifar,
title = {Learning multiple layers of features from tiny images},
author = {Krizhevsky, Alex and Hinton, Geoffrey},
year = {2009},
journal = {Technical report, University of Toronto}
}

@article{russakovsky2015imagenet,
author = {Olga Russakovsky and Jia Deng and Hao Su and Jonathan Krause and Sanjeev Satheesh and Sean Ma and Zhiheng Huang and Andrej Karpathy and Aditya Khosla and Michael Bernstein and Alexander C. Berg and Li Fei-Fei},
title = {{ImageNet} Large Scale Visual Recognition Challenge},
year = {2015},
journal = {International Journal of Computer Vision (IJCV)},
volume = {115},
number = {3},
pages = {211-252}
}

@inproceedings{cao2018vggface2,
title = {{VGGFace2}: A dataset for recognising faces across pose and age},
author = {Cao, Qiong and Shen, Li and Xie, Weidi and Parkhi, Omkar M and Zisserman, Andrew},
booktitle = {IEEE International Conference on Automatic Face \& Gesture Recognition},
pages = {67--74},
year = {2018},
organization = {IEEE}
}

# Parameter initialisation

@inproceedings{glorot2010glorot,
author = {Glorot, Xavier and Bengio, Yoshua},
title = {Understanding the difficulty of training deep feedforward neural networks},
booktitle = {International Conference on Artificial Intelligence and Statistics (AISTATS)},
volume = {9},
year = {2010},
pages = {249-256},
location = {Chia Laguna Resort, Sardinia, Italy},
}

@inproceedings{he2015he,
title = {Delving deep into rectifiers: Surpassing human-level performance on {ImageNet} classification},
author = {He, Kaiming and Zhang, Xiangyu and Ren, Shaoqing and Sun, Jian},
booktitle = {IEEE International Conference on Computer Vision (ICCV)},
pages = {1026--1034},
year = {2015}
}

# Relu

@inproceedings{glorot2011relu,
title = {Deep sparse rectifier neural networks},
author = {Glorot, Xavier and Bordes, Antoine and Bengio, Yoshua},
booktitle = {International Conference on Artificial Intelligence and Statistics (AISTATS)},
volume = {15},
pages = {315--323},
year = {2011}
}

# BatchNorm

@inproceedings{ioffe2015batchnorm,
title = {Batch normalization: Accelerating deep network training by reducing internal covariate shift},
author = {Ioffe, Sergey and Szegedy, Christian},
booktitle = {International Conference on Machine Learning (ICML)},
pages = {448--456},
year = {2015}
}

# Architectures

@inproceedings{krizhevsky2012alexnet,
title = {{ImageNet} classification with deep convolutional neural networks},
author = {Krizhevsky, Alex and Sutskever, Ilya and Hinton, Geoffrey E},
booktitle = {Advances in Neural Information Processing Systems (NeurIPS)},
pages = {1097--1105},
year = {2012}
}

@inproceedings{springenberg2014allcnn,
title = {Striving for simplicity: The all convolutional net},
author = {Springenberg, Jost Tobias and Dosovitskiy, Alexey and Brox, Thomas and Riedmiller, Martin},
booktitle = {International Conference on Learning Representations (ICLR), arXiv:1412.6806},
year = {2014}
}

@article{simonyan2014vgg,
title = {Very deep convolutional networks for large-scale image recognition},
author = {Simonyan, Karen and Zisserman, Andrew},
journal = {arXiv preprint arXiv:1409.1556},
year = {2014}
}

@inproceedings{he2016resnet,
title = {Deep residual learning for image recognition},
author = {He, Kaiming and Zhang, Xiangyu and Ren, Shaoqing and Sun, Jian},
booktitle = {IEEE Conference on Computer Vision and Pattern Recognition (CVPR)},
pages = {770--778},
year = {2016}
}

@inproceedings{zagoruyko2016wrn,
title = {Wide residual networks},
author = {Zagoruyko, Sergey and Komodakis, Nikos},
booktitle = {British Machine Vision Conference (BMVC)},
year = {2016}
}

@inproceedings{huang2017densenet,
title = {Densely connected convolutional networks},
author = {Huang, Gao and Liu, Zhuang and Van Der Maaten, Laurens and Weinberger, Kilian Q},
booktitle = {IEEE Conference on Computer Vision and Pattern Recognition (CVPR)},
pages = {2261--2269},
year = {2017},
organization = {IEEE}
}

@article{zoph2016nas,
title = {Neural architecture search with reinforcement learning},
author = {Zoph, Barret and Le, Quoc V},
journal = {arXiv preprint arXiv:1611.01578},
year = {2016}
}

# Optimisation

@article{duchi2011adagrad,
title = {Adaptive subgradient methods for online learning and stochastic optimization},
author = {Duchi, John and Hazan, Elad and Singer, Yoram},
journal = {Journal of Machine Learning Research (JMLR)},
volume = {12},
number = {Jul},
pages = {2121--2159},
year = {2011}
}

@article{kingma2014adam,
title = {Adam: A method for stochastic optimization},
author = {Kingma, Diederik P and Ba, Jimmy},
journal = {arXiv preprint arXiv:1412.6980},
year = {2014}
}

# Data augmentation as cheating

@inproceedings{goodfellow2013maxout,
author = {Ian J. Goodfellow and David Warde{-}Farley and Mehdi Mirza and Aaron C. Courville and Yoshua Bengio},
title = {Maxout Networks},
booktitle = {International Conference on Machine Learning (ICML)},
pages = {1319--1327},
year = {2013}
}

@article{graham2014fracmaxpool,
title = {Fractional max-pooling},
author = {Graham, Benjamin},
journal = {arXiv preprint arXiv:1412.6071},
year = {2014}
}

@article{larsson2016fractalnet,
title = {{FractalNet}: Ultra-deep neural networks without residuals},
author = {Larsson, Gustav and Maire, Michael and Shakhnarovich, Gregory},
journal = {arXiv preprint arXiv:1605.07648},
year = {2016}
}

# Non-human vision

@article{audebert2019multispectral,
title = {Deep learning for classification of hyperspectral data: A comparative review},
author = {Audebert, Nicolas and Le Saux, Bertrand and Lef{\`e}vre, S{\'e}bastien},
journal = {IEEE Geoscience and Remote Sensing Magazine},
volume = {7},
number = {2},
pages = {159--173},
year = {2019},
publisher = {IEEE}
}

# Theory

@article{hornik1991functionapproximation,
title = {Approximation capabilities of multilayer feedforward networks},
author = {Hornik, Kurt},
journal = {Neural Networks},
volume = {4},
number = {2},
pages = {251--257},
year = {1991},
publisher = {Elsevier}
}

# Representational similarity ANNs vs brain

@article{khaligh2014annbrains,
title = {Deep supervised, but not unsupervised, models may explain IT cortical representation},
author = {Khaligh-Razavi, Seyed-Mahdi and Kriegeskorte, Nikolaus},
journal = {PLOS Computational Biology},
year = {2014},
}

@article{kriegeskorte2008manandmonkey,
title = {Matching categorical object representations in inferior temporal cortex of man and monkey},
author = {Kriegeskorte, Nikolaus and Mur, Marieke and Ruff, Douglas A and Kiani, Roozbeh and Bodurka, Jerzy and Esteky, Hossein and Tanaka, Keiji and Bandettini, Peter A},
journal = {Neuron},
year = {2008},
}
@article{gucclu2015annbrains,
title = {Deep neural networks reveal a gradient in the complexity of neural representations across the ventral stream},
author = {G{\"u}{\c{c}}l{\"u}, Umut and van Gerven, Marcel AJ},
journal = {Journal of Neuroscience},
volume = {35},
number = {27},
pages = {10005--10014},
year = {2015},
publisher = {Soc Neuroscience}
}

@article{yamins2014annsbrains,
title = {Performance-optimized hierarchical models predict neural responses in higher visual cortex},
author = {Yamins, Daniel LK and Hong, Ha and Cadieu, Charles F and Solomon, Ethan A and Seibert, Darren and DiCarlo, James J},
journal = {Proceedings of the National Academy of Sciences (PNAS)},
volume = {111},
number = {23},
pages = {8619--8624},
year = {2014},
publisher = {National Academy of Sciences}
}

@inproceedings{storrs2017ccn,
title = {Architecture matters: How well neural networks explain {IT} representation does not depend on depth and performance alone},
author = {Storrs, Katherine and Mehrer, Johannes and Walther, Alexander and Kriegeskorte, Nikolaus},
booktitle = {Conference on Cognitive Computational Neuroscience (CCN)},
year = {2017}
}

@article{kietzmann2019dnncompneuro,
title = {Deep neural networks in computational neuroscience},
author = {Kietzmann, Tim C and McClure, Patrick and Kriegeskorte, Nikolaus},
journal = {Oxford Research Encyclopedia of Neuroscience},
year = {2019}
}

@article{yamins2016computneuro,
title = {Using goal-driven deep learning models to understand sensory cortex},
author = {Yamins, Daniel LK and DiCarlo, James J},
journal = {Nature Neuroscience},
year = {2016},
}

@inproceedings{mehrer2017ccn,
title = {Deep neural networks trained on ecologically relevant categories better explain human {IT}},
author = {Mehrer, Johannes and Kietzmann, Tim C and Kriegeskorte, Nikolaus},
booktitle = {Conference on Cognitive Computational Neuroscience (CCN)},
year = {2017}
}

@article{kubilius2018cornet,
title = {CORnet: Modeling the Neural Mechanisms of Core Object Recognition},
author = {Kubilius, Jonas and Schrimpf, Martin and Nayebi, Aran and Bear, Daniel and Yamins, Daniel LK and DiCarlo, James J},
journal = {bioRxiv:408385},
year = {2018},
publisher = {Cold Spring Harbor Laboratory}
}

# Developmental psychology and neuroscience

@book{atkinson2002developmental,
title = {The developing visual brain},
author = {Atkinson, Janette},
year = {2002},
publisher = {Oxford Scholarship Online}
}

@article{harwerth1986criticalperiods,
title = {Multiple sensitive periods in the development of the primate visual system},
author = {Harwerth, Ronald S and Smith, Earl L and Duncan, Gary C and Crawford, ML and Von Noorden, Gunter K},
journal = {Science},
volume = {232},
number = {4747},
pages = {235--238},
year = {1986},
publisher = {American Association for the Advancement of Science}
}

@article{gelman2011childcategorization,
title = {Child categorization},
author = {Gelman, Susan A and Meyer, Meredith},
journal = {Wiley Interdisciplinary Reviews: Cognitive Science},
volume = {2},
number = {1},
pages = {95--105},
year = {2011},
publisher = {Wiley Online Library}
}

@article{bornstein2010hierarchychildren,
title = {The development of object categorization in young children: Hierarchical inclusiveness, age, perceptual attribute, and group versus individual analyses.},
author = {Bornstein, Marc H and Arterberry, Martha E},
journal = {Developmental Psychology},
volume = {46},
number = {2},
pages = {350},
year = {2010},
publisher = {American Psychological Association}
}

#

@article{kriegeskorte2018ccn,
title = {Cognitive computational neuroscience},
author = {Kriegeskorte, Nikolaus and Douglas, Pamela K},
journal = {Nature Neuroscience},
pages = {1},
year = {2018},
publisher = {Nature Publishing Group}
}

@book{murphy2012machinelearning,
title = {Machine learning: a probabilistic perspective},
author = {Murphy, Kevin P},
year = {2012},
publisher = {MIT Press}
}

@book{abu2012learningfromdata,
title = {Learning from data},
author = {Abu-Mostafa, Yaser S and Magdon-Ismail, Malik and Lin, Hsuan-Tien},
year = {2012},
publisher = {AMLBooks}
}

@book{goodfellow2016deeplearning,
title = {Deep learning},
author = {Goodfellow, Ian and Bengio, Yoshua and Courville, Aaron},
year = {2016},
publisher = {MIT Press}
}

@book{alpaydin2009machinelearning,
title = {Introduction to machine learning},
author = {Alpaydin, Ethem},
year = {2009},
publisher = {MIT Press}
}

# Statistical Learning Theory

@book{vapnik1995learningtheory,
title = {The nature of statistical learning theory},
author = {Vapnik, Vladimir N.},
year = {1995},
publisher = {Springer Verlag}
}

@article{vapnik1991necessary,
title = {The necessary and sufficient conditions for consistency of the method of empirical risk minimization},
author = {Vapnik, Vladimir N. and Chervonenkis, Alexey Y.},
journal = {Pattern Recognition and Image Analysis},
volume = {1},
number = {3},
pages = {284--305},
year = {1991}
}

@incollection{vonluxburg2011learningtheory,
title = {Statistical learning theory: Models, concepts, and results},
author = {Von Luxburg, Ulrike and Sch{\"o}lkopf, Bernhard},
booktitle = {Handbook of the History of Logic},
volume = {10},
pages = {651--706},
year = {2011},
publisher = {Elsevier}
}

@inproceedings{bousquet2003learningtheory,
title = {Introduction to statistical learning theory},
author = {Bousquet, Olivier and Boucheron, St{\'e}phane and Lugosi, G{\'a}bor},
booktitle = {Advanced Lectures on Machine Learning},
pages = {169--207},
year = {2003},
organization = {Springer}
}

@article{hoeffding1963hoeffding,
title = {Probability inequalities for sums of bounded random variables},
author = {Hoeffding, Wassily},
journal = {Journal of the American Statistical Association},
year = {1963},
}

@article{belkin2019biasvariance,
title = {Reconciling modern machine-learning practice and the classical bias--variance trade-off},
author = {Belkin, Mikhail and Hsu, Daniel and Ma, Siyuan and Mandal, Soumik},
journal = {Proceedings of the National Academy of Sciences (PNAS)},
volume = {116},
number = {32},
pages = {15849--15854},
year = {2019},
publisher = {National Acad Sciences}
}

---START: GLOBAL SALIENCE REFERENCES---
@article{Fan2008,
author = {Fan, R.E. and Chang, K.W. and Hsieh, C.J. and Wang, X.R. and Lin, C.J.},
journal = {Journal of Machine Learning Research (JMLR)},
number = {August},
pages = {1871--1874},
title = {{LIBLINEAR: A library for arge linear classification}},
volume = {9},
year = {2008}
}

@article{Tjur2009,
author = {Tjur, Tue},
doi = {10.1198/tast.2009.08210},
issn = {0003-1305},
journal = {The American Statistician},
month = {nov},
number = {4},
pages = {366--372},
title = {{Coefficients of Determination in Logistic Regression Models - A New Proposal: The Coefficient of Discrimination}},
volume = {63},
year = {2009}
}

@article{Razali2011,
author = {Razali, Nornadiah Mohd and Wah, Yap Bee},
doi = {doi:10.1515/bile-2015-0008},
isbn = {9789673631575},
issn = {9789673631575},
journal = {Journal of Statistical Modeling and Analytics},
keywords = {kurtosis,monte carlo simulation,normality test,skewness},
number = {1},
pages = {21--33},
title = {{Power comparisons of Shapiro-Wilk , Kolmogorov-Smirnov, Lilliefors and Anderson-Darling tests}},
volume = {2},
year = {2011}
}

# Visual attention

@article{desimone1995visualattention,
title = {Neural mechanisms of selective visual attention},
author = {Desimone, Robert and Duncan, John},
journal = {Annual Review of Neuroscience},
volume = {18},
number = {1},
pages = {193--222},
year = {1995},
publisher = {Annual Reviews 4139 El Camino Way, PO Box 10139, Palo Alto, CA 94303-0139, USA}
}

@article{wassle1990fovea,
title = {Retinal ganglion cell density and cortical magnification factor in the primate},
author = {W{\"a}ssle, Heinz and Gr{\"u}nert, Ulrike and R{\"o}hrenbeck, J{\"u}rgen and Boycott, Brian B},
journal = {Vision Research},
volume = {30},
number = {11},
pages = {1897--1911},
year = {1990},
publisher = {Elsevier}
}

@article{azzopardi1993fovea,
title = {Preferential representation of the fovea in the primary visual cortex},
author = {Azzopardi, P and Cowey, A},
journal = {Nature},
volume = {361},
number = {6414},
pages = {719--721},
year = {1993},
publisher = {Nature Publishing Group}
}

@article{wandell1997foundationsvision,
title = {Foundations of vision},
author = {Wandell, Brian and Thomas, Stephen},
journal = {Psyccritiques},
volume = {42},
number = {7},
year = {1997}
}

@article{cohen2020colour,
author = {Cohen, Michael A. and Botch, Thomas L. and Robertson, Caroline E.},
title = {The limits of color awareness during active, real-world vision},
elocation-id = {201922294},
year = {2020},
doi = {10.1073/pnas.1922294117},
publisher = {National Academy of Sciences},
issn = {0027-8424},
eprint = {https://www.pnas.org/content/early/2020/06/02/1922294117.full.pdf},
journal = {Proceedings of the National Academy of Sciences (PNAS)}
}

@article{munoz2004bottomup,
title = {Look away: the anti-saccade task and the voluntary control of eye movement},
author = {Munoz, Douglas P and Everling, Stefan},
journal = {Nature Reviews Neuroscience},
volume = {5},
number = {3},
pages = {218--228},
year = {2004},
publisher = {Nature Publishing Group}
}

@article{schutt2019bottomuptopdown,
title = {Disentangling bottom-up versus top-down and low-level versus high-level influences on eye movements over time},
author = {Sch{\"u}tt, Heiko H and Rothkegel, Lars OM and Trukenbrod, Hans A and Engbert, Ralf and Wichmann, Felix A},
journal = {Journal of Vision},
volume = {19},
number = {3},
pages = {1--1},
year = {2019},
publisher = {The Association for Research in Vision and Ophthalmology}
}

@article{connor2004buttomuptopdown,
title = {Visual attention: bottom-up versus top-down},
author = {Connor, Charles E and Egeth, Howard E and Yantis, Steven},
journal = {Current Biology},
volume = {14},
number = {19},
pages = {R850--R852},
year = {2004},
publisher = {Elsevier}
}

@article{zhaoping2007topdown,
title = {Interference with bottom-up feature detection by higher-level object recognition},
author = {Zhaoping, Li and Guyader, Nathalie},
journal = {Current Biology},
volume = {17},
number = {1},
pages = {26--31},
year = {2007},
publisher = {Elsevier}
}

@article{vonstein2000topdown,
title = {Top-down processing mediated by interareal synchronization},
author = {Von Stein, Astrid and Chiang, Carl and K{\"o}nig, Peter},
journal = {Proceedings of the National Academy of Sciences (PNAS)},
volume = {97},
number = {26},
pages = {14748--14753},
year = {2000},
publisher = {National Acad Sciences}
}

@article{holm2008attentionprecedes,
title = {Looking as if you know: Systematic object inspection precedes object recognition},
author = {Holm, Linus and Eriksson, Johan and Andersson, Linus},
journal = {Journal of Vision},
volume = {8},
number = {4},
pages = {14--14},
year = {2008},
publisher = {The Association for Research in Vision and Ophthalmology}
}

@article{kietzmann2011attentionprecedes,
title = {Overt visual attention as a causal factor of perceptual awareness},
author = {Kietzmann, Tim C and Geuter, Stephan and K{\"o}nig, Peter},
journal = {PLOS ONE},
volume = {6},
number = {7},
year = {2011},
publisher = {Public Library of Science}
}

@article{kaspar2013visualattention,
author = {Kaspar, Kai},
doi = {10.1155/2013/868491},
issn = {2314-4661},
journal = {ISRN Neuroscience},
pages = {Article 868491, 1--8},
title = {{What guides visual overt attention under natural conditions? Past and future research}},
volume = {2013},
year = {2013}
}

@article{egeth1997visualattention,
author = {Egeth, Howard E. and Yantis, Steven},
doi = {10.1146/annurev.psych.48.1.269},
issn = {0066-4308},
journal = {Annual Review of Psychology},
month = {feb},
number = {1},
pages = {269--297},
title = {{Visual attention: Control, representation, and time course}},
volume = {48},
year = {1997}
}

@article{kastner2000visualattention,
author = {Kastner, Sabine and Ungerleider, Leslie G.},
doi = {10.1146/annurev.neuro.23.1.315},
issn = {0147-006X},
journal = {Annual Review of Neuroscience},
month = {mar},
number = {1},
pages = {315--341},
title = {{Mechanisms of visual attention in the human cortex}},
volume = {23},
year = {2000}
}

@article{corbetta2002topdownbottomup,
author = {Corbetta, Maurizio and Shulman, Gordon L.},
doi = {10.1038/nrn755},
issn = {14710048},
journal = {Nature Reviews Neuroscience},
month = {mar},
pages = {201--215},
title = {{Control of goal-directed and stimulus-driven attention in the brain}},
volume = {3},
year = {2002}
}

@article{tatler2009eyebiases,
author = {Tatler, Benjamin W. and Vincent, Benjamin T.},
journal = {Visual Cognition},
number = {6-7},
pages = {1029--1054},
title = {{The prominence of behavioural biases in eye guidance}},
volume = {17},
year = {2009}
}

@article{kollmorgen2010topdownbottomup,
author = {Kollmorgen, Sepp and Nortmann, Nora and Schr{\"{o}}der, Sylvia and K{\"{o}}nig, Peter},
doi = {10.1371/journal.pcbi.1000791},
editor = {Friston, Karl J.},
issn = {1553-7358},
journal = {PLOS Computational Biology},
month = {may},
number = {5},
pages = {e1000791},
title = {{Influence of low-level stimulus features, task dependent factors, and spatial biases on overt visual attention}},
volume = {6},
year = {2010}
}

@article{ossandon2014spatialbiases,
author = {Ossand{\'{o}}n, Jose P. and Onat, Selim and K{\"{o}}nig, Peter},
doi = {10.1167/14.2.20},
journal = {Journal of Vision},
number = {2},
pages = {20:1--26},
title = {{Spatial biases in viewing behavior}},
volume = {14},
year = {2014}
}

@article{reinagel1999bottomup,
author = {Reinagel, Pamela and Zador, Anthony M.},
journal = {Computation in Neural Systems},
pages = {341--350},
title = {{Natural scene statistics at the center of gaze}},
volume = {10},
year = {1999}
}

@article{baddeley2006bottomup,
author = {Baddeley, Roland J. and Tatler, Benjamin W.},
doi = {10.1016/j.visres.2006.02.024},
issn = {00426989},
journal = {Vision Research},
month = {sep},
number = {18},
pages = {2824--2833},
title = {{High frequency edges (but not contrast) predict where we fixate: A Bayesian system identification analysis}},
volume = {46},
year = {2006}
}

@article{wadlinger2006topdown,
author = {Wadlinger, Heather A. and Isaacowitz, Derek M.},
doi = {10.1007/s11031-006-9021-1},
issn = {0146-7239},
journal = {Motivation and Emotion},
month = {mar},
number = {1},
pages = {87--99},
title = {{Positive mood broadens visual attention to positive stimuli}},
volume = {30},
year = {2006}
}

@article{einhauser2008topdown,
author = {Einh{\"{a}}user, Wolfgang and Spain, Merrielle and Perona, Pietro},
doi = {10.1167/8.14.18},
issn = {1534-7362},
journal = {Journal of Vision},
month = {nov},
number = {14},
pages = {Article 18, 1--26},
title = {{Objects predict fixations better than early saliency}},
volume = {8},
year = {2008}
}

@article{henderson2009topdown,
author = {Henderson, John M. and Malcolm, George L. and Schandl, Charles},
doi = {10.3758/PBR.16.5.850},
issn = {1069-9384},
journal = {Psychonomic Bulletin {\&} Review},
month = {oct},
number = {5},
pages = {850--856},
title = {{Searching in the dark: Cognitive relevance drives attention in real-world scenes}},
volume = {16},
year = {2009}
}

@article{rauthmann2012topdown,
author = {Rauthmann, John F. and Seubert, Christian T. and Sachse, Pierre and Furtner, Marco R.},
doi = {10.1016/j.jrp.2011.12.010},
issn = {00926566},
journal = {Journal of Research in Personality},
month = {apr},
number = {2},
pages = {147--156},
title = {{Eyes as windows to the soul: Gazing behavior is related to personality}},
volume = {46},
year = {2012}
}

@article{kaspar2012topdown,
author = {Kaspar, Kai and K{\"{o}}nig, Peter},
doi = {10.3389/fnhum.2012.00321},
issn = {1662-5161},
journal = {Frontiers in Human Neuroscience},
pages = {Article 321},
title = {{Emotions and personality traits as high-level factors in visual attention: a review}},
volume = {6},
year = {2012}
}

@article{ramosgameiro2017explorationexploitation,
author = {{Ramos Gameiro}, Ricardo and Kaspar, Kai and K{\"{o}}nig, Sabine U. and Nordholt, Sontje and K{\"{o}}nig, Peter},
doi = {10.1038/s41598-017-02526-1},
issn = {2045-2322},
journal = {Scientific Reports},
month = {dec},
number = {1},
pages = {2311},
title = {{Exploration and Exploitation in Natural Viewing Behavior}},
volume = {7},
year = {2017}
}

@article{ramosgameiro2018peripheralloss,
author = {{Ramos Gameiro}, Ricardo and J{\"{u}}nemann, Kristin and Herbik, Anne and Wolff, Anika and K{\"{o}}nig, Peter and Hoffmann, Michael B.},
doi = {10.1167/18.12.10},
journal = {Journal of Vision},
number = {12},
title = {{Natural visual behavior in individuals with peripheral visual-field loss}},
volume = {18},
year = {2018}
}

@article{tatler2007centralbias,
author = {Tatler, Benjamin W.},
doi = {10.1167/7.14.4},
issn = {1534-7362},
journal = {Journal of Vision},
month = {nov},
number = {14},
pages = {4:1--17},
title = {{The central fixation bias in scene viewing: Selecting an optimal viewing position independently of motor biases and image feature distributions}},
volume = {7},
year = {2007}
}

@article{barton2006leftbias,
author = {Barton, Jason J. S. and Radcliffe, Nathan and Cherkasova, Mariya V. and Edelman, Jay and Intriligator, James M.},
doi = {10.1068/p5547},
issn = {0301-0066},
journal = {Perception},
month = {aug},
number = {8},
pages = {1089--1105},
title = {Information processing during face recognition: The effects of familiarity, inversion, and morphing on scanning fixations},
volume = {35},
year = {2006}
}

@article{guo2009leftbias,
author = {Guo, Kun and Meints, Kerstin and Hall, Charlotte and Hall, Sophie and Mills, Daniel},
doi = {10.1007/s10071-008-0199-3},
issn = {1435-9448},
journal = {Animal Cognition},
month = {may},
number = {3},
pages = {409--418},
title = {{Left gaze bias in humans, rhesus monkeys and domestic dogs}},
volume = {12},
year = {2009}
}

@article{guo2007topdown,
author = {Guo, Kun},
doi = {10.1007/s00221-007-1038-5},
issn = {0014-4819},
journal = {Experimental Brain Research},
month = {jul},
number = {4},
pages = {673--677},
title = {{Initial fixation placement in face images is driven by topâ€“down guidance}},
volume = {181},
year = {2007}
}

@article{acik2010bottomuptopdown,
author = {A{\c{c}}Ä±k, Alper and Sarwary, Adjmal and Schultze-Kraft, Rafael and Onat, Selim and K{\"{o}}nig, Peter},
doi = {10.3389/fpsyg.2010.00207},
issn = {1664-1078},
journal = {Frontiers in Psychology},
title = {Developmental changes in natural viewing behavior: Bottom-up and top-down differences between children, young adults and older adults},
volume = {1},
year = {2010}
}

@article{calenwalshe2014assymetricfixation,
author = {{Calen Walshe}, R. and Nuthmann, Antje},
doi = {10.1016/j.visres.2014.03.012},
issn = {00426989},
journal = {Vision Research},
month = {jul},
pages = {38--46},
title = {Asymmetrical control of fixation durations in scene viewing},
volume = {100},
year = {2014}
}

@article{spalek2005leftbias,
author = {Spalek, Thomas M. and Hammad, Sherief},
doi = {10.1111/j.0956-7976.2005.00774.x},
issn = {0956-7976},
journal = {Psychological Science},
month = {jan},
number = {1},
pages = {15--18},
title = {{The left-to-right bias in inhibition of return is due to the direction of reading}},
volume = {16},
year = {2005}
}

@article{zaeinab2016leftbias,
author = {Zaeinab, Afsari and Ossand{\'{o}}n, Jose P. and K{\"{o}}nig, Peter},
doi = {10.1167/16.11.8},
journal = {Journal of Vision},
number = {11},
title = {{The dynamic effect of reading direction habit on spatial asymmetry of image perception}},
volume = {16},
year = {2016}
}

@article{kietzmann2015topdown,
author = {Kietzmann, Tim C. and K{\"{o}}nig, Peter},
doi = {10.1016/j.visres.2015.02.023},
issn = {00426989},
journal = {Vision Research},
month = {may},
pages = {76--86},
title = {{Effects of contextual information and stimulus ambiguity on overt visual sampling behavior}},
volume = {110},
year = {2015}
}

@article{balcetis2006topdown,
author = {Balcetis, Emily and Dunning, David},
doi = {10.1037/0022-3514.91.4.612},
issn = {1939-1315},
journal = {Journal of Personality and Social Psychology},
number = {4},
pages = {612--625},
title = {{See what you want to see: Motivational influences on visual perception.}},
volume = {91},
year = {2006}
}

@article{dowiasch2015aging,
author = {Dowiasch, Stefan and Marx, Svenja and Einh{\"{a}}user, Wolfgang and Bremmer, Frank},
doi = {10.3389/fnhum.2015.00046},
issn = {1662-5161},
journal = {Frontiers in Human Neuroscience},
month = {feb},
title = {{Effects of aging on eye movements in the real world}},
volume = {9},
year = {2015}
}

@article{betz2010topdown,
title = {Investigating task-dependent top-down effects on overt visual attention},
author = {Betz, Torsten and Kietzmann, Tim C and Wilming, Niklas and K{\"o}nig, Peter},
journal = {Journal of Vision},
volume = {10},
number = {3},
pages = {15--15},
year = {2010},
publisher = {The Association for Research in Vision and Ophthalmology}
}

# Eye movements

@article{liversedge2000eyemovements,
author = {Liversedge, Simon P. and Findlay, John M.},
doi = {10.1016/S1364-6613(99)01418-7},
issn = {13646613},
journal = {Trends in Cognitive Sciences},
month = {jan},
number = {1},
pages = {6--14},
title = {{Saccadic eye movements and cognition}},
volume = {4},
year = {2000}
}

@incollection{geisler2011eyemovements,
author = {Geisler, Wilson S. and Cormack, Lawrence K.},
booktitle = {The Oxford Handbook of Eye Movements},
pages = {439--454},
publisher = {Oxford University Press},
title = {{Models of overt attention}},
year = {2011}
}

@article{konig2016eyemovements,
author = {K{\"{o}}nig, Peter and Wilming, Niklas and Kietzmann, Tim C. and Ossand{\'{o}}n, Jose P. and Onat, Selim and Ehinger, Benedikt V. and {Ramos Gameiro}, Ricardo and Kaspar, Kai},
doi = {10.16910/jemr.9.5.3},
journal = {Journal of Eye Movement Research},
number = {5},
pages = {Article 3, 1--16},
title = {{Eye movements as a window to cognitive processes}},
volume = {9},
year = {2016}
}

@article{kowler2011eyemovements,
author = {Kowler, Eileen},
doi = {10.1016/j.visres.2010.12.014},
isbn = {1878-5646 (Electronic)$\backslash$r0042-6989 (Linking)},
issn = {00426989},
journal = {Vision Research},
number = {13},
pages = {1457--1483},
pmid = {21237189},
publisher = {Elsevier Ltd},
title = {{Eye movements: The past 25 years}},
volume = {51},
year = {2011}
}

# Salience models

@incollection{koch1987salience,
address = {Dordrecht},
author = {Koch, Christof and Ullman, Shimon},
booktitle = {Matters of Intelligence},
chapter = {4},
doi = {10.1007/978-94-009-3833-5_5},
editor = {Vaina, L.M.},
pages = {115--141},
publisher = {Springer},
title = {Shifts in selective visual attention: Towards the underlying neural circuitry},
year = {1987}
}

@article{niebur1996salience,
author = {Niebur, Ernst and Koch, Christof},
journal = {Advances in Neural Information Processing Systems (NeurIPS)},
pages = {802--808},
title = {{Control of selective visual attention: Modeling the "where" pathway}},
year = {1996}
}

@article{itti1998salience,
title = {A model of saliency-based visual attention for rapid scene analysis},
author = {Itti, Laurent and Koch, Christof and Niebur, Ernst},
journal = {IEEE Transactions on Pattern Analysis and Machine Intelligence (TPAMI)},
volume = {20},
number = {11},
pages = {1254--1259},
year = {1998},
publisher = {IEEE}
}

@article{itti2001salience,
author = {Itti, Laurent and Koch, Christof},
doi = {10.1038/35058500},
issn = {14710048},
journal = {Nature Reviews Neuroscience},
month = {mar},
number = {3},
pages = {194--203},
title = {{Computational modelling of visual attention}},
volume = {2},
year = {2001}
}

@inproceedings{kuemmerer2018salience,
title = {Saliency benchmarking made easy: Separating models, maps and metrics},
author = {K{\"u}mmerer, Matthias and Wallis, Thomas SA and Bethge, Matthias},
booktitle = {European Conference on Computer Vision (ECCV)},
pages = {770--787},
year = {2018}
}

@inproceedings{kuemmerer2017icfdeepgaze,
title = {Understanding low-and high-level contributions to fixation prediction},
author = {K{\"u}mmerer, Matthias and Wallis, Thomas S.A. and Gatys, Leon A. and Bethge, Matthias},
booktitle = {IEEE International Conference on Computer Vision (ICCV)},
pages = {4789--4798},
year = {2017}
}

@inproceedings{harel2007gbvs,
title = {Graph-based visual saliency},
author = {Harel, Jonathan and Koch, Christof and Perona, Pietro},
booktitle = {Advances in Neural Information Processing Systems (NeurIPS)},
pages = {545--552},
year = {2007}
}

@inproceedings{riche2013saliency,
title = {Saliency and human fixations: State-of-the-art and study of comparison metrics},
author = {Riche, Nicolas and Duvinage, Matthieu and Mancas, Matei and Gosselin, Bernard and Dutoit, Thierry},
booktitle = {IEEE Conference on Computer Vision and Pattern Recognition (CVPR)},
pages = {1153--1160},
year = {2013}
}

@article{kuemmerer2016deepgaze,
title = {{DeepGaze II: Reading fixations from deep features trained on object recognition}},
author = {K{\"u}mmerer, Matthias and Wallis, Thomas S.A. and Bethge, Matthias},
journal = {arXiv preprint arXiv:1610.01563},
year = {2016}
}

---START: DATA AUGMENTATION INSTEAD OF EXPLICIT REGULARIZATION---
@incollection{Bengio+chapter2007,
author = {Bengio, Yoshua and LeCun, Yann},
booktitle = {Large Scale Kernel Machines},
publisher = {MIT Press},
title = {Scaling Learning Algorithms Towards {AI}},
year = {2007}
}

@article{Hinton06,
author = {Hinton, Geoffrey E. and Osindero, Simon and Teh, Yee Whye},
journal = {Neural Computation},
pages = {1527--1554},
title = {A Fast Learning Algorithm for Deep Belief Nets},
volume = {18},
year = {2006}
}

# Explicit and implicit regularisation

@inproceedings{wilson2017neurips,
title = {The marginal value of adaptive gradient methods in machine learning},
author = {Wilson, Ashia C and Roelofs, Rebecca and Stern, Mitchell and Srebro, Nati and Recht, Benjamin},
booktitle = {Advances in Neural Information Processing Systems (NeurIPS)},
pages = {4148--4158},
year = {2017}
}

@inproceedings{mesnil2011transferlearning,
title = {Unsupervised and transfer learning challenge: a deep learning approach},
author = {Mesnil, Gr{\'e}goire and Dauphin, Yann and Glorot, Xavier and Rifai, Salah and Bengio, Yoshua and Goodfellow, Ian and Lavoie, Erick and Muller, Xavier and Desjardins, Guillaume and Warde-Farley, David and others},
booktitle = {Workshop on Unsupervised and Transfer Learning (ICML)},
pages = {97--111},
year = {2011}
}

@article{poggio2017theory3,
title = {Theory of deep learning {III}: explaining the non-overfitting puzzle},
author = {Poggio, Tomaso and Kawaguchi, Kenji and Liao, Qianli and Miranda, Brando and Rosasco, Lorenzo and Boix, Xavier and Hidary, Jack and Mhaskar, Hrushikesh},
journal = {arXiv preprint arXiv:1801.00173},
year = {2017}
}

@techreport{zhang2017sgd,
title = {Theory of deep learning {III}: Generalization properties of {SGD}},
author = {Zhang, Chiyuan and Liao, Qianli and Rakhlin, Alexander and Sridharan, Karthik and Miranda, Brando and Golowich, Noah and Poggio, Tomaso},
institution = {Center for Brains, Minds and Machines (CBMM)},
year = {2017},
}

@article{yao2007earlystopping,
title = {On early stopping in gradient descent learning},
author = {Yao, Yuan and Rosasco, Lorenzo and Caponnetto, Andrea},
journal = {Constructive Approximation},
volume = {26},
number = {2},
pages = {289--315},
year = {2007},
publisher = {Springer}
}

@article{martin2018selfregularisation,
title = {Implicit self-regularization in deep neural networks: Evidence from random matrix theory and implications for learning},
author = {Martin, Charles H and Mahoney, Michael W},
journal = {arXiv preprint arXiv:1810.01075},
year = {2018}
}

@article{kukavcka2017regularization,
title = {Regularization for deep learning: A taxonomy},
author = {Kuka{\v{c}}ka, Jan and Golkov, Vladimir and Cremers, Daniel},
journal = {arXiv preprint arXiv:1710.10686},
year = {2017}
}

@phdthesis{neyshabur2017thesis,
title = {Implicit regularization in deep learning},
author = {Neyshabur, Behnam},
school = {Toyota Technological Institute at Chicago, arXiv:1709.01953},
year = {2017}
}

@inproceedings{zhang2016understandingdl,
title = {Understanding deep learning requires rethinking generalization},
author = {Zhang, Chiyuan and Bengio, Samy and Hardt, Moritz and Recht, Benjamin and Vinyals, Oriol},
booktitle = {International Conference on Learning Representations (ICLR), arXiv:1611.03530},
year = {2017}
}

@inproceedings{neyshabur2014implicitreg,
author = {Behnam Neyshabur and Ryota Tomioka and Nathan Srebro},
title = {In Search of the Real Inductive Bias: On the Role of Implicit Regularization in Deep Learning},
year = {2014},
booktitle = {International Conference on Learning Representations (ICLR), arXiv:1412.6614}
}

@article{hinton2012dropout,
title = {Improving neural networks by preventing co-adaptation of feature detectors},
author = {Hinton, Geoffrey E. and Srivastava, Nitish and Krizhevsky, Alex and Sutskever, Ilya and Salakhutdinov, Ruslan R.},
journal = {arXiv preprint arXiv:1207.0580},
year = {2012}
}

@article{srivastava2014dropout,
title = {Dropout: a simple way to prevent neural networks from overfitting.},
author = {Srivastava, Nitish and Hinton, Geoffrey E. and Krizhevsky, Alex and Sutskever, Ilya and Salakhutdinov, Ruslan R.},
journal = {Journal of Machine Learning Research (JMLR)},
volume = {15},
number = {1},
pages = {1929--1958},
year = {2014}
}

@book{hertz1991dilution,
author = {Hertz, John and Krogh, Anders and Palmer, Richard G.},
title = {Introduction to the Theory of Neural Computation},
year = {1991},
publisher = {Addison-Wesley Longman Publishing Co., Inc.},
address = {USA}
}

@inproceedings{huang2016stochasticdepth,
title = {Deep networks with stochastic depth},
author = {Huang, Gao and Sun, Yu and Liu, Zhuang and Sedra, Daniel and Weinberger, Kilian Q},
booktitle = {European Conference on Computer Vision (ECCV)},
pages = {646--661},
year = {2016},
organization = {Springer}
}

# Misc

@article{breiman1994bagging,
title = {Bagging predictors},
author = {Breiman, Leo},
journal = {Machine Learning},
volume = {24},
number = {2},
pages = {123--140},
year = {1996},
publisher = {Springer}
}

@article{bishop1995tikhonov,
title = {Training with noise is equivalent to {Tikhonov} regularization},
author = {Bishop, Chris M},
journal = {Neural Computation},
volume = {7},
number = {1},
pages = {108--116},
year = {1995},
publisher = {MIT Press}
}

@article{simonyan2014,
title = {Very deep convolutional networks for large-scale image recognition},
author = {Simonyan, Karen and Zisserman, Andrew},
journal = {arXiv preprint arXiv:1409.1556},
year = {2014}
}

@book{goodfellow2016dlbook,
title = {Deep learning},
chapter = {7},
author = {Goodfellow, Ian and Bengio, Yoshua and Courville, Aaron},
year = {2016},
publisher = {MIT press}
}

@inproceedings{dauphin2013,
title = {Big neural networks waste capacity},
author = {Dauphin, Yann N and Bengio, Yoshua},
booktitle = {International Conference on Learning Representations (ICLR), arXiv:1301.3583},
year = {2013}
}

@inproceedings{schmidhuber2012,
author = {Schmidhuber, J\"urgen},
title = {Multi-column Deep Neural Networks for Image Classification},
booktitle = {IEEE Conference on Computer Vision and Pattern Recognition (CVPR)},
series = {CVPR '12},
year = {2012},
isbn = {978-1-4673-1226-4},
pages = {3642--3649},
numpages = {8},
acmid = {2354694},
publisher = {IEEE Computer Society},
address = {Washington, DC, USA},
keywords = {Training,Error analysis,Neurons,Computer architecture,Benchmark testing,Graphics processing unit},
}

@article{ciresan2011daug,
title = {Deep Big Simple Neural Nets Excel on Handwritten Digit Recognition},
author = {Ciresan, Dan Claudiu and Meier, Ueli and Gambardella, Luca Maria and Schmidhuber, J\"urgen},
journal = {arXiv preprint arXiv:1003.0358},
year = {2010}
}

@inproceedings{hanson1989wd,
title = {Comparing biases for minimal network construction with back-propagation},
author = {Hanson, Stephen Jos{\'e} and Pratt, Lorien Y},
booktitle = {Advances in Neural Information Processing Systems (NeurIPS)},
pages = {177--185},
year = {1989}
}

@article{lecun2015nature,
title = {Deep learning},
author = {LeCun, Yann and Bengio, Yoshua and Hinton, Geoffrey},
journal = {Nature},
volume = {521},
number = {7553},
pages = {436--444},
year = {2015},
publisher = {Nature Research}
}

@article{vapnik1971vc,
author = {Vapnik, Vladimir N. and Chervonenkis, Alexey Y.},
title = {On the uniform convergence of relative frequencies of events to their probabilities},
journal = {Theory of Probability and its Applications},
volume = {16},
number = {2},
year = {1971},
pages = {264--280},
}

@book{vapnik1982erm,
title = {Estimation of dependences based on empirical data},
author = {Vapnik, Vladimir N.},
year = {1982},
publisher = {Springer}
}

@inproceedings{vapnik1992erm,
title = {Principles of risk minimization for learning theory},
author = {Vapnik, Vladimir N.},
booktitle = {Advances in Neural Information Processing Systems (NeurIPS)},
pages = {831--838},
year = {1992}
}

@article{vapnik1974srm,
title = {Theory of pattern recognition},
author = {Vapnik, Vladimir N. and Chervonenkis, Alexey Y.},
year = {1974},
publisher = {Nauka, Moscow}
}

@article{wolpert1996nofreelunch,
title = {The lack of a priori distinctions between learning algorithms},
author = {Wolpert, David H},
journal = {Neural Computation},
volume = {8},
number = {7},
pages = {1341--1390},
year = {1996},
publisher = {MIT Press}
}

@article{locatello2018disentanglement,
title = {Challenging common assumptions in the unsupervised learning of disentangled representations},
author = {Locatello, Francesco and Bauer, Stefan and Lucic, Mario and R{\"a}tsch, Gunnar and Gelly, Sylvain and Sch{\"o}lkopf, Bernhard and Bachem, Olivier},
journal = {arXiv preprint arXiv:1811.12359},
year = {2018}
}

@article{poggio1990regularisation,
author = {Poggio, Tomasso and Girosi, Federico},
journal = {Proceedings of the IEEE}, 
title = {Networks for approximation and learning}, 
year = {1990},
volume = {78},
number = {9},
pages = {1481-1497}
}

@article{girosi1995regularization,
title = {Regularization theory and neural networks architectures},
author = {Girosi, Federico and Jones, Michael and Poggio, Tomaso},
journal = {Neural Computation},
volume = {7},
number = {2},
pages = {219--269},
year = {1995},
publisher = {MIT Press}
}

@incollection{muller2012regularization,
title = {Regularization techniques to improve generalization},
author = {M{\"u}ller, Klaus-Robert},
booktitle = {Neural Networks: Tricks of the Trade},
pages = {49--51},
year = {2012},
publisher = {Springer}
}

@article{hadamard1902illposed,
title = {Sur les probl{\`e}mes aux d{\'e}riv{\'e}es partielles et leur signification physique},
author = {Hadamard, Jacques},
journal = {Princeton University Bulletin},
pages = {49--52},
year = {1902}
}

@article{tikhonov1963regularisation,
title = {On solving ill-posed problem and method of regularization},
author = {Tikhonov, Andrey N.},
journal = {Doklady Akademii Nauk USSR},
volume = {153},
pages = {501--504},
year = {1963}
}

@article{phillips1962regularisation,
author = {Phillips, David L.},
title = {A technique for the numerical solution of certain integral equations of the first kind},
year = {1962},
journal = {Association for Computing Machinery},
volume = {9},
number = {1},
pages = {84â€“97},
}

@book{ivanov1976regularisation,
title = {The theory of approximate methods and their applications to the numerical solution of singular integral equations},
author = {Ivanov, V. V.},
year = {1976},
publisher = {Nordhof International}
}

@article{stone1974crossval,
title = {Cross-validatory choice and assessment of statistical predictions},
author = {Stone, Mervyn},
journal = {Journal of the Royal Statistical Society: Series B (Methodological)},
volume = {36},
number = {2},
pages = {111--133},
year = {1974},
publisher = {Wiley Online Library}
}

@article{allen1974crossval,
title = {The relationship between variable selection and data agumentation and a method for prediction},
author = {Allen, David M.},
journal = {Technometrics},
volume = {16},
number = {1},
pages = {125--127},
year = {1974},
publisher = {Taylor \& Francis}
}

@article{plaut1986earlystopping,
title = {Experiments on Learning by Back Propagation},
author = {Plaut, D. C. and Nowlan, S. J. and Hinton, G. E},
year = {1986},
journal = {Technical report, Carneggie-Mellon University}
}

@article{erhan2010pretraining,
title = {Why does unsupervised pre-training help deep learning?},
author = {Erhan, Dumitru and Bengio, Yoshua and Courville, Aaron and Manzagol, Pierre-Antoine and Vincent, Pascal and Bengio, Samy},
journal = {Journal of Machine Learning Research (JMLR)},
volume = {11},
number = {Feb},
pages = {625--660},
year = {2010}
}

@incollection{caruana1998multitask,
title = {Multitask learning},
author = {Caruana, Rich},
booktitle = {Learning to learn},
pages = {95--133},
year = {1998},
publisher = {Springer}
}

@inproceedings{lecun1990conv,
title = {Handwritten digit recognition with a back-propagation network},
author = {LeCun, Yann and Boser, Bernhard E and Denker, John S and Henderson, Donnie and Howard, Richard E and Hubbard, Wayne E and Jackel, Lawrence D},
booktitle = {Advances in Neural Information Processing Systems (NeurIPS)},
pages = {396--404},
year = {1990}
}

# Adversarial vulnerability

@article{szegedy2013adversarial,
title = {Intriguing properties of neural networks},
author = {Szegedy, Christian and Zaremba, Wojciech and Sutskever, Ilya and Bruna, Joan and Erhan, Dumitru and Goodfellow, Ian and Fergus, Rob},
journal = {arXiv preprint arXiv:1312.6199},
year = {2013}
}

@article{ilyas2019advfeatures,
title = {Adversarial Examples Are Not Bugs, They Are Features},
author = {Ilyas, Andrew and Santurkar, Shibani and Tsipras, Dimitris and Engstrom, Logan and Tran, Brandon and Madry, Aleksander},
journal = {arXiv preprint arXiv:1905.02175},
year = {2019}
}

@article{galloway2018wdadversarial,
title = {Adversarial training versus weight decay},
author = {Galloway, Angus and Tanay, Thomas and Taylor, Graham W},
journal = {arXiv preprint arXiv:1804.03308},
year = {2018}
}

@article{dujmovic2020adversarial,
title = {What do adversarial images tell us about human vision?},
author = {Dujmovi{\'c}, Marin and Malhotra, Gaurav and Bowers, Jeffrey},
journal = {bioRxiv preprint 2020.02.25.964361},
year = {2020},
publisher = {Cold Spring Harbor Laboratory}
}

@inproceedings{jakubovitz2018regadversarial,
title = {Improving {DNN} robustness to adversarial attacks using {Jacobian} regularization},
author = {Jakubovitz, Daniel and Giryes, Raja},
booktitle = {European Conference on Computer Vision (ECCV)},
pages = {514--529},
year = {2018}
}

@article{jo2017surfaceregularities,
title = {Measuring the tendency of {CNNs} to learn surface statistical regularities},
author = {Jo, Jason and Bengio, Yoshua},
journal = {arXiv preprint arXiv:1711.11561},
year = {2017}
}

@article{wang2019highfreq,
title = {High Frequency Component Helps Explain the Generalization of Convolutional Neural Networks},
author = {Wang, Haohan and Wu, Xindi and Yin, Pengcheng and Xing, Eric P},
journal = {arXiv preprint arXiv:1905.13545},
year = {2019}
}

#

@inproceedings{bengio2007greedy,
title = {Greedy layer-wise training of deep networks},
author = {Bengio, Yoshua and Lamblin, Pascal and Popovici, Dan and Larochelle, Hugo},
booktitle = {Advances in Neural Information Processing Systems (NeurIPS)},
pages = {153--160},
year = {2007}
}

@inproceedings{bengio2011daug,
title = {Deep learners benefit more from out-of-distribution examples},
author = {Bengio, Yoshua and Bergeron, Arnaud and Boulanger--Lewandowski, Nicolas and Breuel, Thomas and Chherawala, Youssouf and Cisse, Moustapha and Erhan, Dumitru and Eustache, Jeremy and Glorot, Xavier and Muller, Xavier and others},
booktitle = {International Conference on Artificial Intelligence and Statistics (AISTATS)},
pages = {164--172},
year = {2011}
}

@article{wu2015deepimage,
title = {Deep image: Scaling up image recognition},
author = {Wu, Ren and Yan, Shengen and Shan, Yi and Dang, Qingqing and Sun, Gang},
journal = {arXiv preprint arXiv:1501.02876},
volume = {7},
number = {8},
year = {2015},
publisher = {CoRR}
}

@misc{chollet2015keras,
title = {Keras},
author = {Chollet, Fran\c{c}ois and others},
year = {2015},
publisher = {GitHub},
howpublished = {\url{https://github.com/fchollet/keras}},
}

# My articles

@misc{hergar2018daugregopenreview,
title = {Data augmentation instead of explicit regularization},
author = {Hern{\'a}ndez-Garc{\'i}a, Alex and K{\"o}nig, Peter},
year = {2018},
url = {https://openreview.net/forum?id=ByJWeR1AW},
}

@article{hergar2018daugreg,
author = {Hern{\'a}ndez-Garc{\'i}a, Alex and K{\"o}nig, Peter},
title = {Data augmentation instead of explicit regularization},
journal = {arXiv preprint arXiv:1806.03852},
year = {2018}
}

@article{hergar2019dauginv,
author = {Hern{\'a}ndez-Garc{\'i}a, Alex and K{\"o}nig, Peter and Kietzmann, Tim},
title = {Learning robust visual representations using data augmentation invariance},
journal = {arXiv preprint arXiv:1906.04547},
year = {2019}
}

@article{hergar2019globsal,
author = {Hern{\'a}ndez-Garc{\'i}a, Alex and Gameiro-Ramos, Ricardo and Grillini, Alessandro and K{\"o}nig, Peter},
title = {Global visual salience of competing stimuli},
journal = {PsyArXiv preprint PsyArXiv:z7qp5},
year = {2019}
}

@inproceedings{hergar2019imageid,
title = {Saliency and the population receptive field model to identify images from brain activity},
author = {Hern{\'a}ndez-Garc{\'i}a, Alex and Zuiderbaan, Wietske and Edadan, Akhil and Dumoulin, Serge O and K{\"o}nig, Peter},
booktitle = {Annual Meeting of the Vision Sciences Society (VSS)},
year = {2019},
publisher = {The Association for Research in Vision and Ophthalmology}
}

@article{hergar2018wddropout,
title = {Do deep nets really need weight decay and dropout?},
author = {Hern{\'a}ndez-Garc{\'i}a, Alex and K{\"o}nig, Peter},
journal = {arXiv preprint arXiv:1802.07042},
year = {2018}
}

@inproceedings{hergar2018daugadvantages,
title = {Further Advantages of Data Augmentation on Convolutional Neural Networks},
author = {Hern{\'a}ndez-Garc{\'i}a, Alex and K{\"o}nig, Peter},
booktitle = {International Conference on Artificial Neural Networks (ICANN)},
pages = {95--103},
year = {2018},
organization = {Springer}
}

@inproceedings{hergar2018daugit,
author = {Hern{\'a}ndez-Garc{\'i}a, Alex and Mehrer, Johannes and Kriegeskorte, Nikolaus and K{\"o}nig, Peter and Kietzmann, Tim C.},
title = {Deep neural networks trained with heavier data augmentation learn features closer to representations in {hIT}},
booktitle = {Conference on Cognitive Computational Neuroscience (CCN)},
year = {2018}
}

#

@article{hilliard2018fewshot,
title = {Few-Shot Learning with Metric-Agnostic Conditional Embeddings},
author = {Hilliard, Nathan and Phillips, Lawrence and Howland, Scott and Yankov, Art{\"e}m and Corley, Courtney D and Hodas, Nathan O},
journal = {arXiv preprint arXiv:1802.04376},
year = {2018}
}

@article{bartlett2002rademacher,
title = {Rademacher and {Gaussian} complexities: Risk bounds and structural results},
author = {Bartlett, Peter L and Mendelson, Shahar},
journal = {Journal of Machine Learning Research (JMLR)},
volume = {3},
number = {Nov},
pages = {463--482},
year = {2002}
}

@article{bartlett2002complexity,
title = {Model selection and error estimation},
author = {Bartlett, Peter L and Boucheron, St{\'e}phane and Lugosi, G{\'a}bor},
journal = {Machine Learning},
volume = {48},
number = {1-3},
pages = {85--113},
year = {2002},
publisher = {Springer}
}


@inproceedings{bartlett2017boundsnn,
title = {Spectrally-normalized margin bounds for neural networks},
author = {Bartlett, Peter L and Foster, Dylan J and Telgarsky, Matus J},
booktitle = {Advances in Neural Information Processing Systems (NeurIPS)},
pages = {6240--6249},
year = {2017}
}

@inproceedings{wager2013dropout,
title = {Dropout training as adaptive regularization},
author = {Wager, Stefan and Wang, Sida and Liang, Percy S},
booktitle = {Advances in Neural Information Processing Systems (NeurIPS)},
pages = {351--359},
year = {2013}
}

@inproceedings{gal2016dropout,
title = {Dropout as a {Bayesian} approximation: Representing model uncertainty in deep learning},
author = {Gal, Yarin and Ghahramani, Zoubin},
booktitle = {International Conference on Machine Learning (ICML)},
pages = {1050--1059},
year = {2016}
}

@article{helmbold2017dropout,
title = {Surprising properties of dropout in deep networks},
author = {Helmbold, David P and Long, Philip M},
journal = {Journal of Machine Learning Research (JMLR)},
volume = {18},
number = {1},
pages = {7284--7311},
year = {2017},
publisher = {JMLR. org}
}

@inproceedings{mou2018dropout,
title = {Dropout Training, Data-dependent Regularization, and Generalization Bounds},
author = {Mou, Wenlong and Zhou, Yuchen and Gao, Jun and Wang, Liwei},
booktitle = {International Conference on Machine Learning (ICML)},
pages = {3642--3650},
year = {2018}
}

@article{bouthillier2015dropoutasdaug,
title = {Dropout as data augmentation},
author = {Bouthillier, Xavier and Konda, Kishore and Vincent, Pascal and Memisevic, Roland},
journal = {arXiv preprint arXiv:1506.08700},
year = {2015}
}

@inproceedings{baldi2013dropout,
title = {Understanding dropout},
author = {Baldi, Pierre and Sadowski, Peter J.},
booktitle = {Advances in Neural Information Processing Systems (NeurIPS)},
pages = {2814--2822},
year = {2013}
}


@inproceedings{novak2018sensitivity,
title = {Sensitivity and generalization in neural networks: an empirical study},
author = {Novak, Roman and Bahri, Yasaman and Abolafia, Daniel A and Pennington, Jeffrey and Sohl-Dickstein, Jascha},
booktitle = {International Conference on Learning Representations (ICLR), arXiv:1802.08760},
year = {2018}
}

@inproceedings{guo2018mixup,
title = {MixUp as Locally Linear Out-Of-Manifold Regularization},
author = {Guo, Hongyu and Mao, Yongyi and Zhang, Richong},
booktitle = {Association for the Advancement of Artificial Intelligence (AAAI)},
year = {2019}
}

@article{zhang2017mixup,
title = {mixup: Beyond empirical risk minimization},
author = {Zhang, Hongyi and Cisse, Moustapha and Dauphin, Yann N and Lopez-Paz, David},
journal = {arXiv preprint arXiv:1710.09412},
year = {2017}
}

@inproceedings{santurkar2018bn,
title = {How does batch normalization help optimization?},
author = {Santurkar, Shibani and Tsipras, Dimitris and Ilyas, Andrew and Madry, Aleksander},
booktitle = {Advances in Neural Information Processing Systems (NeurIPS)},
pages = {2483--2493},
year = {2018}
}

@inproceedings{tan2019efficientnet,
title = {{EfficientNet}: Rethinking Model Scaling for Convolutional Neural Networks},
author = {Tan, Mingxing and Le, Quoc V.},
booktitle = {International Conference on Machine Learning (ICML)},
year = {2019}
}

@article{rusak2020robustness,
title = {Increasing the robustness of DNNs against image corruptions by playing the Game of Noise},
author = {Rusak, Evgenia and Schott, Lukas and Zimmermann, Roland and Bitterwolf, Julian and Bringmann, Oliver and Bethge, Matthias and Brendel, Wieland},
journal = {arXiv preprint arXiv:2001.06057},
year = {2020}
}

@unpublished{babenko2018wdvsl2,
title = {weight decay vs {L2} regularization},
author = {Babenko, Boris},
note = {Accessed: 2020-05-20},
url = {https://bbabenko.github.io/weight-decay/},
year = {2018}
}

@inproceedings{hinton1987wd,
title = {Learning translation invariant recognition in a massively parallel networks},
author = {Hinton, Geoffrey E},
booktitle = {International Conference on Parallel Architectures and Languages Europe},
pages = {1--13},
year = {1987},
organization = {Springer}
}

@inproceedings{krogh1992wd,
title = {A simple weight decay can improve generalization},
author = {Krogh, Anders and Hertz, John A},
booktitle = {Advances in Neural Information Processing Systems (NeurIPS)},
pages = {950--957},
year = {1992}
}

@article{zhang2018wd,
title = {Three mechanisms of weight decay regularization},
author = {Zhang, Guodong and Wang, Chaoqi and Xu, Bowen and Grosse, Roger},
journal = {arXiv preprint arXiv:1810.12281},
year = {2018}
}

@inproceedings{neyshabur2015regularization,
title = {Norm-based capacity control in neural networks},
author = {Neyshabur, Behnam and Tomioka, Ryota and Srebro, Nathan},
booktitle = {Conference on Learning Theory},
pages = {1376--1401},
year = {2015}
}

@article{marcus2018critiquedl,
title = {Deep learning: A critical appraisal},
author = {Marcus, Gary},
journal = {arXiv preprint arXiv:1801.00631},
year = {2018}
}

# Neurobiology

@article{harris2015neocortex,
title = {The neocortical circuit: themes and variations},
author = {Harris, Kenneth D and Shepherd, Gordon MG},
journal = {Nature Neuroscience},
volume = {18},
number = {2},
pages = {170},
year = {2015},
publisher = {Nature Publishing Group}
}

@article{douglas1989neocortex,
title = {A canonical microcircuit for neocortex},
author = {Douglas, Rodney J and Martin, Kevan AC and Whitteridge, David},
journal = {Neural Computation},
volume = {1},
number = {4},
pages = {480--488},
year = {1989},
publisher = {MIT Press}
}

@article {livnat2010sex,
author = {Livnat, Adi and Papadimitriou, Christos and Pippenger, Nicholas and Feldman, Marcus W.},
title = {Sex, mixability, and modularity},
volume = {107},
number = {4},
pages = {1452--1457},
year = {2010},
doi = {10.1073/pnas.0910734106},
publisher = {National Academy of Sciences},
journal = {Proceedings of the National Academy of Sciences (PNAS)}
}

# Visual cortex

@article{hubelwiesel1962,
title = {Receptive fields, binocular interaction and functional architecture in the cat's visual cortex},
author = {Hubel, David H and Wiesel, Torsten N},
journal = {The Journal of Physiology},
volume = {160},
number = {1},
pages = {106--154},
year = {1962},
publisher = {Wiley Online Library}
}

@article{gross1972it,
title = {Visual properties of neurons in inferotemporal cortex of the macaque.},
author = {Gross, Charles G and Rocha-Miranda, CE de and Bender, DB},
journal = {Journal of Neurophysiology},
volume = {35},
number = {1},
pages = {96--111},
year = {1972}
}

@article{desimone1984invariantitmacaque,
title = {Stimulus-selective properties of inferior temporal neurons in the macaque},
author = {Desimone, Robert and Albright, Thomas D and Gross, Charles G and Bruce, Charles},
journal = {Journal of Neuroscience},
volume = {4},
number = {8},
pages = {2051--2062},
year = {1984},
publisher = {Soc Neuroscience}
}

@article{booth1998invariantitmacaque,
title = {View-invariant representations of familiar objects by neurons in the inferior temporal visual cortex.},
author = {Booth, MC and Rolls, Edmund T},
journal = {Cerebral Cortex},
volume = {8},
number = {6},
pages = {510--523},
year = {1998}
}

@article{quiroga2005invariantithuman,
title = {Invariant visual representation by single neurons in the human brain},
author = {Quiroga, R Quian and Reddy, Leila and Kreiman, Gabriel and Koch, Christof and Fried, Itzhak},
journal = {Nature},
volume = {435},
number = {7045},
pages = {1102},
year = {2005},
publisher = {Nature Publishing Group}
}

@article{isik2013dynamics,
title = {The dynamics of invariant object recognition in the human visual system},
author = {Isik, Leyla and Meyers, Ethan M and Leibo, Joel Z and Poggio, Tomaso},
journal = {Journal of Neurophysiology},
volume = {111},
number = {1},
pages = {91--102},
year = {2013},
publisher = {American Physiological Society Bethesda, MD}
}

@article{dicarlo2007untangling,
title = {Untangling invariant object recognition},
author = {DiCarlo, James J and Cox, David D},
journal = {Trends in Cognitive Sciences},
volume = {11},
number = {8},
pages = {333--341},
year = {2007},
publisher = {Elsevier}
}

@article{bao2020itmaps,
title = {A map of object space in primate inferotemporal cortex},
author = {Bao, Pinglei and She, Liang and McGill, Mason and Tsao, Doris Y},
journal = {Nature},
pages = {1--6},
year = {2020},
publisher = {Nature Publishing Group}
}

@article{tacchetti2018invariance,
title = {Invariant recognition shapes neural representations of visual input},
author = {Tacchetti, Andrea and Isik, Leyla and Poggio, Tomaso A},
journal = {Annual Review of Vision Science},
volume = {4},
pages = {403--422},
year = {2018},
publisher = {Annual Reviews}
}

@article{wyss2006temporalstability,
title = {A model of the ventral visual system based on temporal stability and local memory},
author = {Wyss, Reto and K{\"o}nig, Peter and Verschure, Paul FM J},
journal = {PLOS Biology},
volume = {4},
number = {5},
year = {2006},
publisher = {Public Library of Science}
}

@article{wyss2003temporalstability,
title = {Invariant representations of visual patterns in a temporal population code},
author = {Wyss, Reto and K{\"o}nig, Peter and Verschure, Paul FMJ},
journal = {Proceedings of the National Academy of Sciences (PNAS)},
volume = {100},
number = {1},
pages = {324--329},
year = {2003},
publisher = {National Acad Sciences}
}

@inproceedings{taylor2011temporalstability,
title = {Learning invariance through imitation},
author = {Taylor, Graham W and Spiro, Ian and Bregler, Christoph and Fergus, Rob},
booktitle = {IEEE Conference on Computer Vision and Pattern Recognition (CVPR)},
pages = {2729--2736},
year = {2011},
organization = {IEEE}
}

@article{einhauser2005viewpointinvariance,
title = {Learning viewpoint invariant object representations using a temporal coherence principle},
author = {Einh{\"a}user, Wolfgang and Hipp, J{\"o}rg and Eggert, Julian and K{\"o}rner, Edgar and K{\"o}nig, Peter},
journal = {Biological Cybernetics},
volume = {93},
number = {1},
pages = {79--90},
year = {2005},
publisher = {Springer}
}

@article{becker1999temporalstability,
title = {Implicit learning in {3D} object recognition: The importance of temporal context},
author = {Becker, Suzanna},
journal = {Neural Computation},
volume = {11},
number = {2},
pages = {347--374},
year = {1999},
publisher = {MIT Press}
}

@article{kording2004complexcells,
title = {How are complex cell properties adapted to the statistics of natural stimuli?},
author = {Kording, Konrad P and Kayser, Christoph and Einhauser, Wolfgang and Konig, Peter},
journal = {Journal of Neurophysiology},
volume = {91},
number = {1},
pages = {206--212},
year = {2004},
publisher = {American Physiological Society}
}

@article{wandell2007visualfield,
title = {Visual field maps in human cortex},
author = {Wandell, Brian A and Dumoulin, Serge O and Brewer, Alyssa A},
journal = {Neuron},
volume = {56},
number = {2},
pages = {366--383},
year = {2007},
publisher = {Elsevier}
}

# Invariance ANNs

@inproceedings{cohen2016groupequivcnns,
title = {Group equivariant convolutional networks},
author = {Cohen, Taco and Welling, Max},
booktitle = {International Conference on Machine Learning (ICML)},
pages = {2990--2999},
year = {2016}
}

@article{achille2018emergence,
title = {Emergence of invariance and disentanglement in deep representations},
author = {Achille, Alessandro and Soatto, Stefano},
journal = {Journal of Machine Learning Research (JMLR)},
volume = {19},
number = {1},
pages = {1947--1980},
year = {2018},
}

@inproceedings{zhang2019convolutions,
title = {Making Convolutional Networks Shift-Invariant Again},
author = {Zhang, Richard},
booktitle = {International Conference on Machine Learning (ICML)},
year = {2019}
}

@inproceedings{hadsell2006contrastive,
title = {Dimensionality reduction by learning an invariant mapping},
author = {Hadsell, Raia and Chopra, Sumit and LeCun, Yann},
booktitle = {IEEE Conference on Computer Vision and Pattern Recognition (CVPR)},
volume = {2},
pages = {1735--1742},
year = {2006},
organization = {IEEE}
}

# Semi-supervised learning

@article{laine2016ssl,
title = {Temporal ensembling for semi-supervised learning},
author = {Laine, Samuli and Aila, Timo},
journal = {arXiv preprint arXiv:1610.02242},
year = {2016}
}

@article{belharbi2017classinvariance,
title = {Neural networks regularization through class-wise invariant representation learning},
author = {Belharbi, Soufiane and Chatelain, Cl{\'e}ment and H{\'e}rault, Romain and Adam, S{\'e}bastien},
journal = {arXiv preprint arXiv:1709.01867},
year = {2017}
}

# Machine learning misc

@article{cortes1995svm,
title = {Support-vector networks},
author = {Cortes, Corinna and Vapnik, Vladimir},
journal = {Machine Learning},
volume = {20},
number = {3},
pages = {273--297},
year = {1995},
publisher = {Springer}
}

@article{fan2008liblinear,
title = {{LIBLINEAR: A library for large linear classification}},
author = {Fan, Rong-En and Chang, Kai-Wei and Hsieh, Cho-Jui and Wang, Xiang-Rui and Lin, Chih-Jen},
journal = {Journal of Machine Learning Research (JMLR)},
volume = {9},
number = {Aug},
pages = {1871--1874},
year = {2008}
}

@article{bradley1952pairwisecomp,
author = {Bradley, Ralph A. and Terry, Milton E.},
journal = {Biometrika},
number = {3},
pages = {324--345},
title = {Rank analysis of incomplete block designs: I. The method of paired comparisons},
volume = {39},
year = {1952}
}

@book{luce2005pairwisecomp,
address = {Mineola, New York},
author = {Luce, R. Duncan},
edition = {Dover Edit},
publisher = {Dover Publications, Inc.},
title = {{Individual Choice Behavior: A Theoretical Analysis}},
year = {2005}
}

@article{tjur2009r2,
title = {Coefficients of determination in logistic regression modelsâ€”A new proposal: The coefficient of discrimination},
author = {Tjur, Tue},
journal = {The American Statistician},
volume = {63},
number = {4},
pages = {366--372},
year = {2009},
publisher = {Taylor \& Francis}
}

# Automatic differentiation

@article{baydin2017automaticdifferentiation,
title = {Automatic differentiation in machine learning: a survey},
author = {Baydin, At{\i}l{\i}m G{\"u}nes and Pearlmutter, Barak A and Radul, Alexey Andreyevich and Siskind, Jeffrey Mark},
journal = {Journal of Machine Learning Research (JMLR)},
volume = {18},
number = {1},
pages = {5595--5637},
year = {2017},
publisher = {JMLR. org}
}

@article{theano2016,
author = {{Theano Development Team}},
title = "{Theano: A {Python} framework for fast computation of mathematical expressions}",
journal = {arXiv preprint arXiv:1605.02688},
year = {2016},
}

@misc{tensorflow2015,
title = {{TensorFlow}: Large-Scale Machine Learning on Heterogeneous Systems},
note = {Software available from tensorflow.org},
author = {
  Abadi, Mart\'{\i}n and
  Agarwal, Ashish and
  Barham, Paul and
  Brevdo, Eugene and
  Chen, Zhifeng and
  Citro, Craig and
  Corrado, Greg S. and
  Davis, Andy and
  Dean, Jeffrey and
  Devin, Matthieu and
  Ghemawat, Sanjay and
  Goodfellow, Ian and
  Harp, Andrew and
  Irving, Geoffrey and
  Isard, Michael and
  Yangqing Jia and
  Jozefowicz, Rafal and
  Kaiser, Lukasz and
  Kudlur, Manjunath and
  Levenberg, Josh and
  Man\'{e}, Dan and
  Monga, Rajat and
  Moore, Sherry and
  Murray, Derek and
  Olah, Chris and
  Schuster, Mike and
  Shlens, Jonathon and
  Steiner, Benoit and
  Sutskever, Ilya and
  Talwar, Kunal and
  Tucker, Paul and
  Vanhoucke, Vincent and
  Vasudevan, Vijay and
  Vi\'{e}gas, Fernanda and
  Vinyals, Oriol and
  Warden, Pete and
  Wattenberg, Martin and
  Wicke, Martin and
  Yu, Yuan and
  Zheng, Xiaoqiang},
year = {2015},
}

@inproceedings{pytorch2019,
title = {{PyTorch}: An Imperative Style, High-Performance Deep Learning Library},
author = {
  Paszke, Adam and
  Gross, Sam and
  Massa, Francisco and
  Lerer, Adam and
  Bradbury, James and
  Chanan, Gregory and
  Killeen, Trevor and
  Lin, Zeming and
  Gimelshein, Natalia and
  Antiga, Luca and
  Desmaison, Alban and
  Kopf, Andreas and
  Yang, Edward and
  DeVito, Zachary and
  Raison, Martin and
  Tejani, Alykhan and
  Chilamkurthy, Sasank and
  Steiner, Benoit and
  Fang, Lu and
  Bai, Junjie and
  Chintala, Soumith},
booktitle = {Advances in Neural Information Processing Systems (NeurIPS)},
pages = {8024--8035},
year = {2019},
publisher = {Curran Associates, Inc.},
url = {http://papers.neurips.cc/paper/9015-pytorch-an-imperative-style-high-performance-deep-learning-library.pdf}
}

# Image identification and pRF

@article{zuiderbaan2017imageidentification,
title = {Image identification from brain activity using the population receptive field model},
author = {Zuiderbaan, Wietske and Harvey, Ben M and Dumoulin, Serge O},
journal = {PLOS ONE},
volume = {12},
number = {9},
year = {2017},
publisher = {Public Library of Science}
}

@article{dumoulin2008prf,
title = {Population receptive field estimates in human visual cortex},
author = {Dumoulin, Serge O and Wandell, Brian A},
journal = {Neuroimage},
volume = {39},
number = {2},
pages = {647--660},
year = {2008},
publisher = {Elsevier}
}

@article{tong2012mindreading,
title = {Decoding patterns of human brain activity},
author = {Tong, Frank and Pratte, Michael S},
journal = {Annual Review of Psychology},
volume = {63},
pages = {483--509},
year = {2012},
publisher = {Annual Reviews}
}

@article{kay2008imageid,
title = {Identifying natural images from human brain activity},
author = {Kay, Kendrick N and Naselaris, Thomas and Prenger, Ryan J and Gallant, Jack L},
journal = {Nature},
volume = {452},
number = {7185},
pages = {352--355},
year = {2008},
publisher = {Nature Publishing Group}
}

@inproceedings{martin2001berkeley,
title = {A database of human segmented natural images and its application to evaluating segmentation algorithms and measuring ecological statistics},
author = {Martin, David and Fowlkes, Charless and Tal, Doron and Malik, Jitendra},
booktitle = {IEEE International Conference on Computer Vision (ICCV)},
volume = {2},
pages = {416--423},
year = {2001},
organization = {IEEE}
}

@article{friston1995fmrianalysis,
title = {Analysis of fMRI time-series revisited},
author = {Friston, Karl J and Holmes, Andrew P and Poline, JB and Grasby, PJ and Williams, SC and Frackowiak, Richard S and Turner, Robert and others},
journal = {Neuroimage},
volume = {2},
number = {1},
pages = {45--53},
year = {1995}
}

@article{boynton1999contrast,
title = {Neuronal basis of contrast discrimination},
author = {Boynton, Geoffrey M and Demb, Jonathan B and Glover, Gary H and Heeger, David J},
journal = {Vision Research},
volume = {39},
number = {2},
pages = {257--269},
year = {1999},
publisher = {Elsevier}
}

@article{olman2004contrast,
title = {BOLD fMRI and psychophysical measurements of contrast response to broadband images},
author = {Olman, Cheryl A and Ugurbil, Kamil and Schrater, Paul and Kersten, Daniel},
journal = {Vision Research},
volume = {44},
number = {7},
pages = {669--683},
year = {2004},
publisher = {Elsevier}
}

@article{treue2003salience,
title = {Visual attention: the where, what, how and why of saliency},
author = {Treue, Stefan},
journal = {Current Opinion in Neurobiology},
volume = {13},
number = {4},
pages = {428--432},
year = {2003},
publisher = {Elsevier}
}

@article{smith2001rfsizes,
title = {Estimating receptive field size from fMRI data in human striate and extrastriate visual cortex},
author = {Smith, Andrew T and Singh, Krish Devi and Williams, AL and Greenlee, Mark W},
journal = {Cerebral Cortex},
volume = {11},
number = {12},
pages = {1182--1190},
year = {2001},
publisher = {Oxford University Press}
}


# Misc

@article{gencoglu2019hark,
title = {{HARK} Side of Deep Learning--From Grad Student Descent to Automated Machine Learning},
author = {Gencoglu, Oguzhan and van Gils, Mark and Guldogan, Esin and Morikawa, Chamin and S{\"u}zen, Mehmet and Gruber, Mathias and Leinonen, Jussi and Huttunen, Heikki},
journal = {arXiv preprint arXiv:1904.07633},
year = {2019}
}

@article{rousselet2019bootstrap,
title = {A practical introduction to the bootstrap: a versatile method to make inferences by using data-driven simulations},
author = {Rousselet, Guillaume and Pernet, Cyril and Wilcox, Rand R},
year = {2019},
journal = {PsyArXiv preprint PsyArXiv:h8ft7},
}

@incollection{efron1992bootstrap,
title = {Bootstrap methods: another look at the jackknife},
author = {Efron, Bradley},
booktitle = {Breakthroughs in Statistics},
pages = {569--593},
year = {1992},
publisher = {Springer}
}

@inproceedings{vinyals2016oneshot,
title = {Matching networks for one shot learning},
author = {Vinyals, Oriol and Blundell, Charles and Lillicrap, Timothy and Wierstra, Daan and others},
booktitle = {Advances in Neural Information Processing Systems (NeurIPS)},
pages = {3630--3638},
year = {2016}
}

@article{zhuang2019transferlearning,
title = {A Comprehensive Survey on Transfer Learning},
author = {Zhuang, Fuzhen and Qi, Zhiyuan and Duan, Keyu and Xi, Dongbo and Zhu, Yongchun and Zhu, Hengshu and Xiong, Hui and He, Qing},
journal = {arXiv preprint arXiv:1911.02685},
year = {2019}
}

@phdthesis{aljundi2019continuallearning,
title = {Continual Learning in Neural Networks},
author = {Aljundi, Rahaf},
school = {KU Leuven, Faculty of Engineering Science},
year = {2019}
}

@article{mundt2019continuallearning,
title = {Unified Probabilistic Deep Continual Learning through Generative Replay and Open Set Recognition},
author = {Mundt, Martin and Majumder, Sagnik and Pliushch, Iuliia and Ramesh, Visvanathan},
journal = {arXiv preprint arXiv:1905.12019},
year = {2019}
}

@article{jing2020selfsupervised,
title = {Self-supervised visual feature learning with deep neural networks: A survey},
author = {Jing, Longlong and Tian, Yingli},
journal = {IEEE Transactions on Pattern Analysis and Machine Intelligence (TPAMI)},
year = {2020},
publisher = {IEEE}
}

@inproceedings{girshick2014dlhierarchy,
title = {Rich feature hierarchies for accurate object detection and semantic segmentation},
author = {Girshick, Ross and Donahue, Jeff and Darrell, Trevor and Malik, Jitendra},
booktitle = {IEEE Conference on Computer Vision and Pattern Recognition (CVPR)},
year = {2014},
}

@inproceedings{tishby2015infobottleneck,
title = {Deep learning and the information bottleneck principle},
author = {Tishby, Naftali and Zaslavsky, Noga},
booktitle = {{IEEE Information Theory Workshop (ITW)}},
pages = {1--5},
year = {2015},
organization = {IEEE}
}

@article{shwartz2017bottleneck,
title = {Opening the black box of deep neural networks via information},
author = {Shwartz-Ziv, Ravid and Tishby, Naftali},
journal = {arXiv preprint arXiv:1703.00810},
year = {2017}
}

@article{saxe2019informationbottleneck,
title = {On the information bottleneck theory of deep learning},
author = {Saxe, Andrew M and Bansal, Yamini and Dapello, Joel and Advani, Madhu and Kolchinsky, Artemy and Tracey, Brendan D and Cox, David D},
journal = {Journal of Statistical Mechanics: Theory and Experiment},
volume = {2019},
number = {12},
pages = {124020},
year = {2019},
publisher = {IOP Publishing}
}

@inproceedings{achlioptas20183d,
title = {Learning representations and generative models for {3D} point clouds},
author = {Achlioptas, Panos and Diamanti, Olga and Mitliagkas, Ioannis and Guibas, Leonidas},
booktitle = {International Conference on Machine Learning (ICML)},
pages = {40--49},
year = {2018}
}

@inproceedings{taylor2010spatiotemporal,
title = {Convolutional learning of spatio-temporal features},
author = {Taylor, Graham W and Fergus, Rob and LeCun, Yann and Bregler, Christoph},
booktitle = {European Conference on Computer Vision (ECCV)},
pages = {140--153},
year = {2010},
organization = {Springer}
}

# Methods

@article{kriegeskorte2008rsa,
title = {Representational similarity analysis-connecting the branches of systems neuroscience},
author = {Kriegeskorte, Nikolaus and Mur, Marieke and Bandettini, Peter A},
journal = {Frontiers in Systems Neuroscience},
year = {2008},
}

@article{nili2014rsatoolbox,
title = {A toolbox for representational similarity analysis},
author = {Nili, Hamed and Wingfield, Cai and Walther, Alexander and Su, Li and Marslen-Wilson, William and Kriegeskorte, Nikolaus},
journal = {PLOS Computational Biology},
year = {2014},
}


